3022 4966
461 341 627 407 Manuale
641 340 688 407 aei
702 362 808 407 *muns
822 341 960 411 Surum.

335 540 451 600 ORDO
473 540 535 599 AD
560 539 824 600 FACIENDUM
849 538 1097 599 SPONSALIA.

172 662 214 722 In
224 665 334 740 primis
352 673 526 722 statuantur
545 665 592 721 oir
612 673 637 722 et
657 664 763 721 rriulier
782 673 849 720 ante
867 663 974 721 ostium
986 663 1120 721 Ecclesia
1134 683 1230 720 caream
1244 665 1314 737 Deo,

110 742 268 816 Sacerdote,
285 754 311 802 et
320 745 438 820 populo,
454 745 501 802 uir
514 766 534 801 a
548 744 657 801 deutris
670 744 810 814 mulieris,
825 753 851 801 et
865 743 1004 801 muliera
1018 744 1148 801 sinistris
1161 744 1228 802 oiri.

173 824 214 882 Et
233 825 383 882 sciendum
396 833 435 883 est
455 824 535 899 quod
552 825 617 882 licet
630 824 711 881 anerei
732 833 854 898 tenepmre
869 823 984 898 possint
1004 823 1138 882 contrabi
1158 825 1316 899 sponsalia,

112 913 137 961 et
151 904 239 962 etiarn
261 904 484 962 matrimonium
505 905 584 977 quod
597 907 639 978 fit
654 904 799 978 privatim
819 903 877 960 solo
896 923 1054 962 cmuensu:
1078 914 1175 961 tonan
1196 905 1317 965 traditio

111 1003 245 1053 unorum,
271 993 297 1042 et
320 985 496 1059 nuptiarum
521 983 699 1042 sollemnitas
721 984 805 1041 certis
827 983 1001 1058 temporibus
1016 985 1087 1058 fieri
1108 985 1297 1058 probibentur
1306 1010 1317 1045 .·

111 1063 239 1121 riclelicet
264 1064 300 1121 ab
322 1064 458 1121 Adventu
478 1063 602 1122 Domini
615 1084 705 1139 usquc
725 1063 766 1121 ad
787 1063 846 1122 Oet.
862 1064 991 1139 Epiple.:
1011 1074 1037 1121 et
1058 1085 1078 1121 a
1097 1067 1316 1140 Septreapesima

111 1163 203 1218 usque
216 1145 257 1200 ad
272 1143 329 1202 Oct.
343 1143 482 1203 Pascba:
503 1152 529 1202 et
539 1165 559 1201 a
569 1143 728 1202 Dominica
741 1153 808 1202 ante
821 1144 1022 1202 escensionem
1033 1144 1158 1201 Domini
1171 1166 1260 1220 sesque
1274 1147 1315 1203 ad

114 1222 173 1281 Oct.
191 1223 372 1282 Pentecostes.
414 1223 456 1281 In
469 1233 569 1282 octaua
585 1225 632 1282 die
653 1233 751 1282 tamen
769 1224 948 1300 Epiphania
968 1224 1044 1282 licite
1059 1235 1184 1299 possunt
1203 1227 1316 1301 rcaptioe

47 1348 50 1352 Α
113 1302 266 1362 celebrari:
293 1304 366 1379 quio
389 1325 449 1362 non
471 1305 623 1363 inomitur
638 1305 830 1380 probibitum,
851 1305 986 1380 quam-ris
1006 1305 1040 1361 in
1061 1304 1176 1363 Oetacis
1196 1305 1316 1364 Pasclue

112 1382 163 1441 lun
176 1383 278 1456 facere
305 1405 366 1442 reon
392 1384 484 1443 liceat.
532 1384 677 1443 Similiter
700 1385 733 1442 in
757 1385 917 1443 Dominiea
941 1386 1078 1459 proxima
1099 1394 1167 1461 post
1194 1385 1315 1443 Festum

111 1463 286 1522 Pentecostes
300 1464 375 1523 licite
396 1465 574 1523 celebrantur
594 1466 725 1542 nuptia:
745 1467 817 1540 quia
830 1466 891 1525 dies
904 1465 1082 1523 Pentecostes
1095 1475 1226 1524 aetenam
1239 1467 1316 1524 diem

111 1565 171 1602 non
184 1544 274 1603 babet.

109 1713 212 1788 (titulo
227 1713 287 1770 ‘De
301 1715 463 1790 bsptism0‚'
474 1714 636 1771 sesmnsario
655 1713 742 1781 ‘Quae
756 1713 796 1770 sit
809 1714 872 1789 ejus
886 1713 1017 1788 sormu’),
1033 1713 1086 1788 qui
1099 1713 1262 1788 dicitquod
1274 1715 1315 1771 ad

109 1792 170 1867 ejus
183 1793 320 1866 sormam
340 1816 391 1853 seu
413 1795 566 1852 essentiam
588 1794 647 1850 duo
671 1802 740 1849 sterit
761 1794 931 1863 neccessarie,
955 1793 1071 1850 terbum
1097 1803 1122 1850 et
1147 1793 1315 1851 clarisonum

109 1872 212 1949 (titulo
226 1875 329 1944 coelem,
340 1875 466 1950 capitulo
482 1874 573 1930 ‘Non
586 1878 621 1928 ut
635 1873 832 1948 apponorss').
882 1872 964 1929 Urule
975 1893 1041 1930 cum
1053 1873 1148 1930 salira
1157 1895 1216 1930 nou
1223 1882 1315 1949 potest

108 1953 175 2027 quis
197 1954 350 2028 baptizare,
374 1954 509 2029 qsteemris
530 1973 610 2027 aqua
633 1952 755 2025 cledciest.
802 1952 879 2009 lteris
900 1953 1093 2009 necessarium
1120 1962 1160 2009 est
1187 1954 1313 2027 curbam,

108 2033 213 2090 scilieet
227 2033 306 2107 quod
325 2034 484 2091 observetur
495 2032 601 2105 sorum
615 2032 772 2101 uerborum,
788 2031 916 2089 uidelicet
938 2032 1088 2106 baptisans
1107 2034 1258 2106 ruerpeudo
1274 2043 1315 2091 ter

109 2113 320 2186 baptizandum
339 2114 381 2170 sic
393 2113 522 2180 clicerulo,
538 2111 635 2179 Petre,
651 2111 714 2186 Ego
728 2110 844 2185 baptizo
857 2117 888 2167 te
901 2112 934 2166 in
954 2112 1074 2168 nomine
1087 2111 1186 2168 Patris
1200 2120 1230 2168 ct
1245 2113 1316 2169 Filii

110 2198 140 2247 et
151 2191 279 2266 Spiritus
291 2191 399 2249 Sancti.
431 2193 530 2248 Amen
544 2190 647 2265 (titulo
658 2191 760 2260 eodem,
774 2189 900 2265 erepritulo
909 2190 1034 2265 prirreo)
1067 2190 1126 2247 Sed
1137 2191 1241 2265 sufficit
1252 2212 1315 2249 esua

110 2270 222 2342 mersio,
241 2270 268 2326 si
286 2272 458 2329 consuetudo
473 2281 555 2328 terra
568 2269 620 2327 liae
633 2269 767 2344 approbet
783 2270 805 2345 (⁴
818 2271 864 2326 De
879 2270 1112 2339 consecmtione,’
1131 2271 1315 2329 ‹listirutions

108 2359 217 2425 qrcarta
227 2350 287 2407 ‘Dc
296 2351 420 2426 Trinu’).
456 2351 497 2407 Ει
508 2349 571 2407 licet
582 2358 658 2406 totus
667 2368 744 2423 puer
755 2369 813 2406 non
823 2348 1014 2422 merpaturiu
1022 2369 1110 2423 eques,
1121 2350 1314 2409 nilu’lominus

108 2431 272 2506 baptisatus
292 2430 474 2504 iutellipitun
496 2429 653 2486 dummodo
676 2429 856 2503 qemretalibet
871 2449 946 2504 pars
964 2449 1049 2503 aqzsee
1076 2449 1163 2504 super
1182 2451 1249 2487 eum
1269 2432 1313 2487 in·

97 2509 263 2585 fundatur.
310 2511 390 2581 Qreid
410 2511 437 2568 si
450 2510 571 2585 aliquod
583 2508 708 2580 verbum,
724 2509 801 2583 quod
820 2528 880 2565 uon
894 2517 933 2565 cst
954 2508 1112 2582 deforma,
1129 2509 1259 2566 (celebatur
1271 2511 1313 2569 ibi

107 2592 152 2650 vel
169 2592 347 2649 mismaturl
387 2592 501 2649 Dicunt
521 2589 644 2665 quidam
657 2590 734 2664 meod
746 2589 773 2646 si
781 2589 991 2664 preeunttatur,
1007 2599 1040 2646 ut
1061 2590 1181 2646 sidicat
1203 2593 1315 2648 ‘Anna

106 2673 264 2748 virumque
288 2692 369 2743 cuno,
413 2692 451 2748 go
474 2671 591 2746 baptizo
615 2677 645 2727 te
669 2670 702 2726 in
728 2670 849 2728 nomino
870 2669 1027 2740 Patr15‚'et
1048 2678 1156 2736 cetera;
1178 2691 1228 2728 seu
1244 2681 1312 2746 post

96 2751 234 2824 formam
247 2753 417 2827 adjiciatur,
430 2761 464 2809 at
477 2752 553 2828 ‘Ego
561 2751 677 2826 baptizo
691 2757 721 2807 te
732 2751 764 2806 in
773 2749 893 2807 nomine
904 2750 1003 2808 Patris
1014 2756 1044 2808 et
1054 2751 1126 2808 Filii
1140 2758 1171 2808 et
1182 2751 1312 2828 Spiritus

107 2832 217 2903 Sancti,
233 2839 264 2889 et
278 2832 421 2905 Diaboli’3
442 2831 540 2906 efficax
557 2840 597 2888 est
617 2829 786 2904 baptismus,
802 2831 874 2906 quea
887 2851 953 2889 cura
968 2832 1186 2907 impertinentia
1205 2833 1311 2891 extrin-

105 2932 183 2970 secus
204 2912 396 2988 adjiciuntur,
417 2933 476 2971 non
495 2912 604 2971 vitiant
624 2912 669 2989 (ff.
696 2911 760 2968 ‘De
776 2912 932 2968 verborum
952 2912 1197 2988 obligationib1m,’
1218 2913 1310 2982 ‘Quas

105 2994 324 3070 extrinsecus').
348 2993 384 3051 Si
403 3013 468 3051 uero
495 2992 698 3066 interponitur,
720 3001 754 3050 ut
774 2991 900 3049 sidicat
923 2992 1009 3068 ‘Ego
1030 2993 1147 3069 baptizo
1167 3000 1206 3066 te,
1228 3013 1311 3053 amia

104 3074 262 3151 virumque
275 3093 357 3144 cano,
373 3075 404 3131 in
420 3074 538 3131 nomine
560 3073 678 3144 Patris,'
699 3082 725 3130 et
747 3081 861 3141 cetera,·
886 3080 954 3129 tuuc
974 3073 1100 3130 vitiatur
1119 3083 1145 3131 et
1165 3094 1225 3131 aon
1246 3096 1310 3132 con-

95 3153 199 3228 fertur
220 3154 385 3229 baptismus.
428 3153 577 3227 Insorma
591 3163 688 3211 autem
702 3153 840 3228 baptismi
859 3172 942 3210 orrsne
954 3154 1072 3211 uerbum
1091 3154 1177 3211 alieul
1190 3176 1210 3211 a
1227 3155 1309 3213 serbo

104 3234 229 3292 Domini
249 3235 379 3292 alienum
402 3243 428 3291 et
449 3235 637 3309 impertinens
657 3233 763 3290 censeri
785 3233 870 3290 debet.
928 3233 1064 3291 Doctores
1091 3243 1187 3291 tauren
1215 3236 1309 3292 nostri

104 3315 207 3371 dunrit
230 3316 308 3389 quod
329 3316 388 3372 sive
409 3313 610 3389 praemittatur
631 3314 689 3370 sive
711 3321 849 3386 sequatur
876 3311 933 3369 siue
959 3313 1171 3388 interponatur,
1199 3335 1308 3392 semper

104 3395 229 3452 vitiatur
249 3394 417 3469 baptismus,
438 3394 595 3451 securulurn
608 3391 791 3464 'Goffiedum
813 3392 885 3465 quia
900 3391 1010 3464 forma
1029 3392 1075 3448 nil
1096 3391 1308 3451 detrabmdum

104 3483 144 3532 est
157 3475 200 3532 cel
211 3475 380 3532 addendum
397 3474 470 3550 (‘De
488 3471 721 3542 consecrationo,'
740 3471 923 3527 distinctione
940 3480 1056 3545 quartu,
1073 3473 1110 3527 ‘F
1112 3473 1305 3550 irmissime').

107 3553 188 3625 Quid
198 3555 225 3612 si
235 3554 312 3612 dicat
324 3555 400 3630 ‘Ego
409 3554 524 3629 baptizo
534 3551 582 3620 te,'
592 3560 723 3621 etcetera,
738 3555 780 3606 ‘et
795 3551 927 3605 omnium
941 3551 1142 3608 sanotomim’t
1182 3551 1252 3608 Non
1266 3562 1306 3609 est

105 3633 277 3709 baptizatus,
287 3635 360 3709 quia
373 3633 452 3690 niltil
462 3633 555 3707 jzeupi
569 3631 647 3688 debet
667 3628 819 3703 informa,
835 3637 869 3685 ut
889 3649 981 3703 supra
1001 3639 1135 3687 notatum
1149 3639 1189 3687 cst
1202 3632 1305 3705 (cersi-

104 3714 168 3772 culo
184 3714 369 3791 ‘Doctorum’
382 3735 390 3786 3
411 3723 437 3772 et
450 3714 485 3770 in
497 3714 549 3770 boc
561 3712 645 3768 bodie
658 3730 755 3768 ornnes
768 3709 949 3780 conveniunt,
964 3729 1029 3784 erpo
1042 3709 1193 3767 credamus
1205 3710 1253 3769 eis⁴

166 3793 353 3853 “Corscordat
363 3815 429 3852 curn
440 3794 495 3851 isto
505 3791 621 3849 Paulus
629 3792 663 3849 de
673 3811 789 3848 setarma
802 3789 953 3859 Trinitate,
965 3799 991 3847 et
1006 3799 1095 3847 cetera
1105 3790 1307 3865 (distinctione

98 3875 202 3951 prima
222 3875 359 3934 versiculo
381 3876 406 3933 9.
451 3873 620 3948 Parvulus).
663 3871 698 3929 Si
716 3870 881 3928 distinxerit
899 3870 962 3927 alia
978 3871 1063 3928 rerba
1079 3871 1249 3928 interserens
1263 3872 1307 3928 cel

98 3975 264 4031 proponens
289 3956 403 4013 creclerss
429 3975 485 4012 csse
509 3953 543 4010 de
567 3952 738 4021 substantia,
761 3950 847 4008 vitiat
871 3961 1092 4023 sacramentum,
1115 3971 1195 4009 secus
1219 3952 1245 4008 si
1271 3972 1305 4009 es·

102 4035 286 4111 simplicitate
294 4035 339 4094 uel
346 4034 470 4092 nralitiu.
496 4033 609 4091 Ibidem
618 4041 692 4090 tenet
700 4030 817 4089 Pardus
826 4030 939 4108 (eodem
950 4030 1105 4108 versiculo)
1115 4031 1194 4107 quod
1203 4032 1229 4088 si
1238 4032 1306 4107 quis

101 4116 204 4175 babeat
218 4118 278 4174 deso
292 4117 389 4192 capita
402 4124 429 4173 et
442 4113 514 4172 colla
528 4123 554 4171 et
565 4123 692 4189 pectora,
703 4111 877 4186 sinqillatim
887 4119 913 4169 et
924 4111 1043 4169 divisim
1052 4111 1128 4169 debet
1140 4113 1285 4187 baptisare
1295 4136 1305 4172 .·

100 4197 217 4255 recussi
230 4217 290 4255 non
300 4196 402 4254 babeat
413 4196 473 4252 deso
479 4204 602 4269 pectora.
639 4192 714 4251 Item
725 4201 797 4250 tenet
809 4191 925 4250 Pardus
938 4192 955 4269 (
956 4193 1050 4250 coelem
1060 4192 1196 4251 versiculo
1198 4193 1215 4269 )
1225 4194 1305 4267 qnod

99 4276 152 4335 bac
168 4297 329 4351 praesensere
343 4277 407 4353 Ego
421 4295 481 4332 non
494 4283 534 4332 est
547 4275 581 4332 de
594 4274 756 4332 substantia
764 4295 778 4341 ‚·
799 4273 849 4330 sed
863 4271 913 4330 boc
926 4292 1088 4349 prosecueen
1102 4273 1144 4330 Te
1158 4294 1236 4332 secus
1243 4295 1256 4343 ;
1278 4283 1305 4332 et

99 4357 179 4432 quod
199 4359 233 4415 in
251 4357 393 4433 baptismo
406 4354 512 4430 forma
529 4355 679 4412 uerborum
700 4363 740 4412 est
761 4352 914 4429 dilipenter
934 4353 1120 4426 observanda,
1135 4355 1206 4413 adeo
1226 4354 1307 4429 qeeod

99 4456 161 4495 nan
173 4440 227 4511 fiet
243 4458 298 4513 per
317 4438 403 4496 verbo
423 4434 654 4511 eqesurollentiass’
703 4512 723 4550 ἣ

685 4530 704 4570 Β
