3022 4966
144 333 206 395 100
546 325 748 394 Inhumatio
769 325 939 412 Defaucti.

201 511 386 570 Intellexisti
398 511 592 590 cogitationes
601 527 681 566 meas
690 508 727 566 de
737 507 840 584 longe:
861 508 998 567 semitam
1011 528 1117 581 meam,
1133 515 1164 567 et
1177 509 1344 568 funiculum

144 626 244 666 meum
256 607 452 686 investigasti.

204 706 245 763 Et
258 724 359 764 omnes
372 706 436 762 vias
450 723 530 762 meas
543 703 724 780 proevidisti:
744 701 815 779 quia
827 721 889 761 non
902 709 948 761 est
960 722 1056 761 sermo
1069 704 1102 761 in
1116 704 1219 781 lingua
1232 724 1305 763 mea.

204 801 288 873 Ecce,
298 800 435 873 Domine,
448 806 483 858 tu
493 798 657 877 cognovisti
666 798 767 857 omnia
776 799 946 872 novissima,
958 800 1141 876 etantiqua:
1161 806 1197 858 tu
1211 800 1344 858 formasti

75 953 78 957 ,
144 916 199 969 me,
214 902 246 955 et
259 897 384 973 posuisti
396 916 484 974 super
496 916 544 954 me
557 916 679 954 manum
692 903 783 954 tuam.

206 992 354 1051 Mirabilis
374 993 453 1051 facta
472 998 517 1051 est
537 992 660 1051 scientia
672 997 726 1050 tua
739 1012 777 1051 ex
791 1012 856 1051 me:
876 993 1042 1053 confortata
1055 999 1109 1064 est,
1123 999 1154 1051 et
1167 1013 1227 1051 non
1241 999 1344 1070 potero

144 1086 182 1144 ad
195 1105 268 1145 eam.

207 1184 274 1254 Quo
288 1183 337 1241 ibo
351 1203 369 1241 a
382 1183 490 1261 spiritu
503 1184 576 1242 tuol
595 1189 627 1241 et
640 1202 699 1260 quo
712 1202 730 1240 a
743 1182 817 1240 facie
831 1188 884 1239 tua
896 1181 1032 1259 fugiaml

205 1281 238 1340 Si
263 1280 420 1339 ascendero
447 1280 480 1337 in
503 1280 616 1350 osclum,
644 1285 678 1337 tu
702 1279 838 1338 illices:
869 1279 894 1336 si
918 1279 1095 1338 descendero
1122 1280 1154 1337 in
1183 1277 1342 1349 infernum,

145 1375 222 1433 rides.

208 1471 240 1529 Si
267 1489 418 1546 sumpsero
452 1488 563 1546 pennas
597 1488 676 1527 meus
703 1467 842 1542 diluculo,
871 1475 902 1527 et
935 1468 1109 1527 habitavero
1143 1469 1175 1525 in
1204 1469 1345 1526 extremis

151 1582 258 1621 ruens:

208 1659 329 1718 Etenim
343 1658 414 1716 illuc
427 1676 532 1716 manus
544 1662 599 1716 tua
612 1656 737 1715 deducet
750 1676 814 1716 me:
834 1662 865 1716 et
879 1657 994 1716 tenebit
1008 1677 1055 1716 me
1068 1657 1192 1715 dexteru
1205 1663 1264 1714 tua.

208 1757 250 1815 Et
273 1755 354 1814 dixi:
385 1755 524 1813 Forsitan
547 1753 676 1812 tenebrae
700 1754 915 1813 conculcabunt
937 1775 1004 1814 me:
1031 1761 1063 1812 et
1082 1774 1144 1812 nox
1167 1753 1347 1812 illuminatio

149 1873 214 1913 mea
226 1853 259 1911 in
272 1852 384 1910 deliciis
397 1852 477 1912 meis.
1059 1866 1061 1870 ·

209 1949 288 2020 Quia
311 1948 441 2007 tenebrae
460 1967 522 2006 non
542 1948 779 2006 obscurabuntur
796 1968 814 2006 a
830 1955 871 2021 te,
888 1955 919 2007 et
936 1967 997 2006 nox
1017 1948 1095 2006 sicut
1114 1946 1178 2006 dies
1197 1946 1345 2004 illumina-

149 2048 249 2106 bitur:
268 2045 346 2105 siout
359 2046 487 2104 tenebrae
501 2046 573 2121 ejus,
588 2046 632 2104 ita
645 2052 676 2104 et
689 2045 790 2104 lumen
803 2046 875 2121 ejus.

209 2145 287 2215 Quia
299 2148 336 2201 tu
348 2142 504 2220 possedisti
517 2162 601 2201 renes
614 2161 711 2201 moos:
732 2142 887 2219 suscepisti
900 2161 947 2200 me
961 2141 997 2200 de
1010 2148 1097 2199 utero
1111 2141 1214 2199 matris
1227 2159 1306 2198 merc.

209 2240 380 2299 Confitebor
392 2240 450 2298 tibi
463 2239 534 2316 quia
546 2240 721 2298 terribiliter
734 2238 940 2317 magnificatus
953 2257 1003 2297 es:
1024 2238 1172 2296 mirabilia
1184 2257 1272 2314 opera
1286 2243 1346 2308 tua,

149 2345 180 2397 at
193 2337 293 2396 anima
305 2355 371 2395 mea
385 2335 534 2414 cognoscit
546 2336 644 2395 nimis.

211 2435 282 2493 Non
302 2441 348 2493 est
368 2434 550 2492 occultatum
568 2453 600 2493 os
619 2453 719 2493 meum
733 2453 751 2491 a
764 2441 803 2506 te,
817 2433 896 2510 quod
915 2432 1013 2492 fecisti
1033 2432 1066 2490 in
1086 2431 1218 2490 occulto:
1239 2435 1269 2489 et
1285 2432 1350 2488 sub

151 2533 263 2593 stantia
276 2552 342 2591 meo
354 2531 388 2588 in
400 2532 590 2590 inferioribus
603 2536 699 2591 terroe.

174 2637 178 2644 ’
212 2628 424 2705 Imperfectum
445 2646 542 2685 meum
563 2627 705 2685 viderunt
722 2627 801 2685 oculi
818 2627 873 2697 tui,
888 2632 919 2684 et
935 2626 967 2683 in
985 2625 1061 2683 libro
1075 2633 1128 2683 tuo
1142 2644 1243 2684 omnes
1263 2626 1350 2682 serila

153 2731 241 2783 entur
253 2747 259 2783 :
281 2724 343 2782 dies
356 2723 573 2793 formabuntur,
589 2728 620 2778 ct
633 2742 719 2780 nemo
732 2723 765 2778 in
779 2723 828 2780 eis.

212 2822 292 2879 Mihi
316 2826 416 2878 autem
437 2821 527 2876 nimis
548 2819 734 2878 honorificati
753 2829 823 2879 sunt
843 2821 931 2879 amici
944 2820 999 2891 tui,
1014 2819 1114 2878 Deus:
1138 2819 1227 2876 nimis
1240 2817 1350 2876 eonfor-

154 2926 235 2979 tatus
248 2926 292 2977 est
305 2918 489 2996 principatus
503 2934 612 2975 eorum.

213 3013 417 3073 Dinumerabo
436 3033 494 3084 eos,
517 3020 547 3070 et
565 3031 654 3089 super
674 3031 794 3070 arenam
816 3012 1115 3089 multiplicabuntur:
1139 3013 1302 3084 exsurrexi,
1322 3018 1352 3070 et

153 3113 249 3172 adhuc
262 3131 329 3170 sum
343 3117 448 3168 tecum.

215 3209 249 3267 Si
262 3207 409 3280 occideris,
425 3207 517 3279 Deus,
531 3212 713 3283 peccatores:
733 3206 792 3264 viri
805 3207 993 3285 sanguinum,
1008 3206 1152 3264 declinate
1165 3223 1183 3261 a
1196 3222 1261 3261 me:

216 3307 294 3378 Quia
308 3306 407 3364 dicitis
419 3307 453 3364 in
467 3303 662 3380 cogitatione:
683 3303 827 3381 accipient
841 3305 873 3362 in
886 3305 1019 3363 vanitate
1032 3304 1168 3362 civitates
1180 3307 1253 3358 tuas.

216 3404 326 3463 Nonne
353 3404 406 3481 qui
426 3403 552 3461 oderunt
573 3407 612 3474 te,
635 3401 772 3475 Domine,
796 3401 933 3460 oderam:
964 3406 995 3458 et
1018 3419 1107 3477 super
1129 3398 1262 3456 inimicos
1286 3402 1353 3452 tuas

156 3502 357 3560 tabescebaml

217 3599 354 3658 Perfecto
368 3599 436 3657 odio
450 3597 569 3655 oderam
582 3597 665 3656 illos:
687 3601 718 3654 et
731 3594 847 3654 inimici
858 3595 931 3654 iacti
944 3598 1016 3653 sunt
1028 3592 1110 3651 mihi.

217 3694 316 3753 Proba
342 3713 389 3753 me
417 3693 507 3765 Deus,
533 3700 564 3751 et
587 3695 661 3752 scito
685 3712 735 3750 cor
760 3713 878 3753 meum:
908 3694 1058 3770 interroga
1081 3709 1136 3763 me,
1163 3696 1194 3748 et
1217 3708 1355 3765 cognosce

157 3792 276 3851 semitas
289 3813 376 3852 meas.

219 3888 260 3944 Et
272 3890 350 3961 vide,
365 3889 392 3948 si
404 3890 455 3947 via
467 3889 637 3967 iniquitatis
649 3890 682 3949 in
695 3908 742 3949 me
756 3896 818 3950 est:
839 3895 871 3948 et
883 3889 977 3948 deduc
990 3905 1037 3944 me
1051 3885 1084 3942 in
1098 3883 1148 3940 via
1161 3888 1279 3940 aternu.

220 3982 366 4060 Requiem
379 3990 529 4042 aeternam.

219 4115 397 4191 Antiphone.

158 4215 1360 4338 m

230 4387 277 4447 De
305 4394 421 4447 ter-ra
468 4389 668 4466 ples-musti
701 4412 749 4453 me
781 4399 813 4452 et
845 4412 957 4454 car-ne
994 4393 1240 4453 in-du-is-ti
1271 4411 1328 4462 mc,
