3022 4966
537 339 682 408 Ordines
694 339 877 428 Bapticmi.
1226 345 1306 408 141'

163 504 281 582 Adjuro
298 509 338 578 te,
352 511 487 564 creature
504 525 598 582 nqnae,
616 512 652 564 nt
669 507 710 565 sis
726 506 881 564 mundatio
900 511 932 565 et
947 505 1115 585 purificatio
1133 506 1171 565 ed
1191 526 1310 586 regene-

102 584 210 644 randos
223 585 299 643 filios
311 605 380 644 snos
390 586 455 645 Deo
469 585 555 644 Petri
568 587 774 663 omnipotenti,
792 587 852 656 Qui
866 587 949 645 vivit

163 665 354 724 Fecundetur
370 671 402 724 et
418 666 620 725 sanctificetur
636 667 702 724 fons
720 667 778 725 iste
795 666 949 726 salutifero
962 666 1129 741 chrismate,
1145 667 1178 725 in
1191 668 1312 727 nominc

104 746 229 805 Domini
243 747 337 803 nostri
351 747 373 805 J
375 765 427 804 esu
441 746 554 805 Christi
567 747 620 824 qui
634 752 778 805 venturus
792 753 844 805 est

164 824 342 902 Conjunctio
366 826 425 885 olei
446 827 595 885 unctionis
618 832 649 885 et
669 846 754 904 aquee
775 827 971 905 baptismatis,
985 828 1019 886 in
1031 827 1152 887 nomine
1166 826 1265 888 Petris
1279 834 1310 888 et

103 905 177 965 Filii
190 911 221 964 et
235 906 364 983 Spiritus
377 906 488 965 Sancti

165 984 342 1061 Oonjnnetio
357 987 524 1045 chrismatis
544 986 633 1063 hujus
649 987 891 1046 sanctificationis
904 993 935 1047 et
949 988 1006 1047 olei
1018 986 1168 1047 unctionis
1181 993 1213 1047 et
1225 1007 1310 1065 equre

104 1066 301 1143 baptismatis,
315 1067 349 1124 in
361 1068 482 1125 nomine
495 1066 596 1126 Petris
608 1074 639 1126 et
653 1068 725 1125 Filii
738 1073 769 1126 et
783 1068 913 1146 Spiritus
927 1068 1037 1127 Sancti.

165 1145 272 1218 Effeta,
283 1146 362 1223 quod
375 1154 421 1205 est
434 1148 593 1225 adaperire,
605 1148 639 1205 in
652 1149 772 1207 odorem
786 1149 952 1209 suavitatis.
994 1148 1041 1206 Tu
1053 1153 1154 1208 cutem
1168 1148 1308 1226 effugere,

105 1225 231 1297 diabole,
244 1227 492 1304 appropinquabit
505 1228 585 1286 enim
595 1229 743 1307 judicium
757 1229 824 1289 Dei.

166 1304 371 1365 Abrenuntias
388 1308 528 1367 Setenae'l

206 1385 404 1446 Abrenuntio.

165 1465 207 1524 Et
220 1467 358 1527 omnibus
371 1469 509 1546 operibus
522 1470 585 1549 ejus
597 1471 608 1529 l

206 1546 404 1608 Abrenuntio.

164 1626 205 1685 Et
219 1631 356 1688 omnibus
369 1629 485 1708 pompis
500 1631 586 1707 ejusl

204 1709 404 1767 Abrenuntio.

164 1788 206 1845 Et
224 1807 278 1866 ego
298 1796 330 1848 te
343 1789 417 1846 linio
431 1788 496 1847 oleo
515 1788 620 1846 salutis
633 1789 666 1846 in
680 1789 799 1849 Christo
813 1790 835 1848 J
836 1809 888 1848 esu
908 1789 1039 1848 Domino
1052 1794 1155 1847 nostro
1170 1788 1201 1847 in
1215 1789 1309 1846 vitum

104 1872 256 1927 eetcrnem.

166 1946 268 2003 Credis
280 1947 313 2003 in
328 1946 428 2003 Deum
443 1945 564 2004 Patrem
577 1946 833 2024 omnipotentcml

207 2025 309 2082 eredo.

167 2101 208 2160 Ει
221 2104 254 2160 in
267 2103 289 2161 J
290 2123 372 2161 esum
393 2103 546 2161 Christum
560 2103 672 2162 Filium
685 2107 749 2182 ejus
762 2105 902 2165 unieuml

207 2182 310 2241 Credo.

167 2261 269 2322 Credis
284 2269 316 2321 et
328 2263 360 2320 in
375 2262 521 2340 Spiritum
535 2262 686 2335 Sanctum,
708 2268 841 2322 sanctem
851 2263 1013 2324 Ecclesiam
1024 2263 1214 2339 Oetholicem,
1230 2284 1311 2324 senc·

104 2347 204 2400 torum
218 2344 461 2417 communionem,
478 2342 679 2401 remissionem
692 2349 887 2421 peccatorum,
902 2346 999 2405 cernis
1007 2345 1271 2406 resurrectioncml

207 2422 313 2482 Credo.

167 2503 225 2561 Vis
239 2503 399 2580 baptizarit
442 2502 529 2562 Volo.

166 2582 208 2641 Et
221 2602 275 2660 ego
288 2590 319 2642 te
332 2584 450 2661 baptizo
463 2584 497 2641 in
509 2583 630 2642 nomine
648 2581 748 2642 Patris
781 2601 797 2635 s
853 2601 868 2636 ι
925 2603 942 2636 a
992 2593 1023 2646 et
1036 2587 1108 2646 Filii
1141 2602 1160 2642 ι
1217 2602 1236 2643 ι
1289 2604 1308 2644 ι

105 2669 136 2722 et
151 2663 280 2740 Spiritus
295 2663 405 2722 Sancti.

167 2744 207 2801 In
219 2745 340 2803 nomine
354 2744 453 2803 Petris
467 2750 498 2803 et
511 2742 584 2803 Filii
596 2749 628 2801 et
648 2744 778 2822 Spiritus
797 2744 905 2806 Sancti.

166 2824 249 2883 Deus
263 2825 458 2902 omnipotens,
473 2834 499 2884 ιι
512 2834 605 2884 cetera
618 2833 652 2883 ιιι
664 2844 766 2901 cupra.

165 2904 278 2981 Accipe
291 2913 403 2964 vestem
416 2905 581 2979 candidam,
595 2913 621 2963 et
635 2916 726 2966 cetera
738 2914 773 2963 ιιι
786 2925 885 2984 cupre

166 2985 277 3062 Accipe
291 2984 464 3064 lampadem,
479 2995 506 3045 ιι
520 2994 612 3045 cetera
624 2994 772 3063 utsupra.

167 3065 280 3142 Corpus
294 3066 418 3125 Domini
431 3067 535 3138 nostri,
550 3075 576 3125 et
590 3075 681 3125 cetera
695 3076 729 3126 ιιι
742 3087 843 3145 cupro.

442 3455 495 3512 An
516 3456 782 3516 Onrncmznrenuu
803 3457 975 3519 Ismeuon.

549 3585 640 3644 From
655 3586 699 3645 ιιι
711 3605 791 3646 came
804 3586 870 3647 MS.

168 3711 316 3772 Medelem
330 3719 413 3773 tuam
427 3715 573 3792 deprecor,
586 3716 723 3792 Domine,
735 3726 761 3777 ct
774 3725 865 3777 cetera
878 3727 912 3777 ιιι
925 3739 1025 3796 ιιιιιια.

168 3793 311 3851 Exercizo
325 3801 364 3868 te,
379 3802 513 3854 creatura
526 3815 619 3873 uquae,
634 3806 660 3856 ιι
673 3807 764 3857 cetera
776 3807 812 3855 ιιι
825 3818 926 3876 supra.

168 3872 210 3931 Et
224 3893 277 3951 ego
290 3875 406 3950 baptiso
421 3877 453 3934 in
466 3876 586 3935 nomine
600 3876 701 3937 Petris
715 3883 745 3936 et
762 3878 834 3936 Filii
848 3886 878 3938 et
892 3879 1021 3957 Spiritus
1036 3879 1146 3939 Sancti.

169 3955 250 4012 Deus
263 3955 449 4031 omnipotens
463 3956 554 4013 Peter
568 3957 692 4016 Domini
704 3959 807 4030 nostri,
823 3968 849 4017 ιι
863 3969 954 4019 cetera
967 3969 1002 4019 ιιι
1014 3980 1114 4038 cupro.

167 4034 279 4110 Accipe
292 4042 407 4093 vestem
421 4036 586 4109 candidam,
600 4047 626 4096 ιι
640 4048 732 4098 cetera
744 4046 778 4095 ιιι
791 4058 890 4116 supro

168 4114 280 4192 Accipe
294 4115 461 4193 lampadem
474 4116 636 4191 ardentem,
650 4127 677 4179 ιι
690 4127 781 4178 cetera
794 4129 827 4178 ut
841 4140 939 4197 cupro
