3022 4966
553 319 754 388 racemate
775 320 945 408 maner.

574 604 757 666 Ianum-no
777 606 947 666 Dnruncrr.

205 683 389 763 Amipdona

901 1083 928 1141 E
945 1118 956 1128 ·
969 1084 1001 1141 V
1015 1118 1025 1128 -
1043 1085 1070 1143 0
1087 1120 1098 1129 -
1113 1086 1145 1143 V
1158 1122 1168 1131 ·
1182 1089 1213 1146 A
1227 1123 1238 1133 ·
1257 1090 1291 1149 Ε.

208 1182 350 1245 Putaui
362 1182 486 1263 (ennii.)

210 1280 404 1341 Confitemini
422 1278 562 1351 Domino,
583 1277 724 1356 quoniam
740 1278 852 1336 bonus:
878 1279 1020 1355 quoniam
1038 1279 1071 1337 in
1088 1282 1227 1342 eaeeulum
1244 1286 1355 1346 miseri.

150 1378 251 1439 eovdia
262 1378 336 1455 ejus.

211 1478 304 1537 Dicat
325 1498 407 1537 nuno
430 1478 533 1553 Israel,
558 1480 699 1557 quoniam
720 1480 832 1538 bonus:
865 1480 1005 1555 quoniam
1029 1482 1062 1538 in
1083 1481 1223 1541 sacculum
1245 1485 1356 1543 miscri-

150 1575 253 1635 oordia
264 1576 337 1653 ejus.

211 1672 304 1731 Dicat
316 1691 397 1731 nuno
409 1672 515 1731 domus
528 1673 648 1731 Aaron:
672 1672 812 1750 quoniam
826 1672 859 1729 in
872 1674 1013 1732 sacculum
1027 1676 1226 1735 misericordia
1239 1679 1311 1754 ejus.

212 1768 326 1828 Dicant
347 1788 429 1828 nunc
449 1770 503 1847 qui
526 1770 636 1829 timent
658 1771 840 1829 Dominum:
869 1773 1008 1846 quoniam
1029 1773 1062 1830 in
1082 1776 1221 1833 saeculnm
1244 1777 1356 1835 miscri-

150 1866 253 1927 eordis
264 1868 337 1945 ejus.

212 1964 261 2023 Da
283 1963 477 2023 tribulatione
498 1965 636 2025 invocavi
657 1966 838 2024 Dominum:
864 1974 895 2024 et
915 1968 1070 2025 exaudivit
1088 1988 1135 2026 mc
1149 1968 1181 2025 in
1195 1969 1354 2028 latitudine

152 2061 310 2123 Dominus

213 2158 363 2219 Dominus
376 2158 452 2217 mihi
464 2159 600 2236 adjutor:
620 2178 682 2218 non
695 2159 807 2218 timebo
820 2159 893 2237 quid
905 2159 995 2216 faeiat
1008 2158 1083 2215 milri
1097 2158 1192 2216 homo.

213 2256 364 2317 Dominus
376 2256 451 2313 mibi
464 2256 600 2333 adjutor:
621 2264 652 2315 et
664 2276 718 2335 ego
731 2256 890 2334 despiciam
903 2255 1038 2313 inimicos
1052 2274 1139 2311 meos.

212 2352 335 2413 Bonum
347 2358 394 2411 est
406 2351 552 2411 confidere
565 2351 598 2410 in
612 2352 752 2426 Domino,
766 2372 856 2429 quam
870 2351 1014 2409 confidere
1028 2350 1061 2406 in
1074 2350 1201 2408 homino.

213 2450 336 2509 Bonum
349 2456 396 2507 est
408 2468 525 2525 sperare
538 2448 572 2505 in
585 2449 725 2520 Domino,
740 2468 829 2525 quam
845 2467 961 2525 sperare
975 2446 1006 2503 in
1021 2446 1211 2523 principibus.

213 2546 329 2607 Omnes
340 2552 443 2623 gentes
456 2546 637 2604 circuierunt
650 2565 715 2603 me:
737 2553 767 2602 ct
780 2546 813 2603 in
827 2546 946 2602 nomine
967 2544 1098 2616 Domini,
1114 2545 1184 2621 quia
1199 2545 1279 2604 ultus
1292 2566 1358 2604 rum

121 2670 126 2678 ·
153 2646 186 2703 in
197 2664 259 2703 eoa.

213 2738 442 2801 Oiroumdantcs
462 2740 720 2798 circumdederunt
734 2760 799 2797 nre:
821 2746 851 2797 et
865 2740 897 2796 in
911 2739 1032 2798 nomine
1045 2739 1178 2812 Domini,
1194 2740 1264 2816 quia
1277 2742 1360 2801 ultas

156 2856 221 2897 snm
234 2836 268 2895 ia
281 2854 340 2895 eoa

213 2932 483 2993 Circumdederunt
497 2953 544 2991 me
557 2934 634 2991 sicut
647 2953 724 3010 epea,
736 2940 768 2990 et
781 2938 956 2991 exarserimt
970 2933 1047 2991 sicut
1060 2934 1138 3010 ignis
1151 2934 1184 2991 in
1198 2936 1308 3012 spinis:
1330 2943 1361 2995 ct

160 3032 190 3089 in
199 3031 323 3091 nomine
336 3029 470 3102 Domini,
485 3031 556 3108 quia
569 3032 650 3089 ultus
663 3051 729 3088 sum
743 3030 776 3087 in
789 3050 848 3089 cos.

216 3128 372 3207 Impulsus
384 3147 503 3186 eversus
516 3149 581 3187 sum
595 3134 631 3186 ut
645 3128 795 3186 caderem:
817 3134 848 3185 ct
862 3128 1010 3185 Dominus
1023 3130 1151 3205 suscepit
1163 3148 1219 3186 me.

216 3226 379 3285 Fortitudo
392 3245 466 3298 mea,
478 3230 509 3284 ct
522 3226 587 3283 lans
600 3244 666 3282 mea
680 3224 844 3282 Dominus:
867 3229 897 3281 ct
911 3223 1006 3282 factus
1019 3231 1065 3282 cst
1078 3224 1153 3280 mihi
1166 3224 1198 3280 in
1213 3224 1346 3283 salutem.

217 3326 290 3383 Vox
303 3322 498 3383 exultationis
512 3330 543 3380 et
555 3322 660 3379 salutis
674 3321 707 3378 in
720 3319 920 3378 tabernaculis
929 3322 1089 3395 justorum.

218 3420 354 3481 Dextera
368 3419 493 3478 Domini
505 3419 575 3476 fecit
589 3418 741 3489 virtutem,
756 3417 880 3475 ‹lextcra
901 3415 1023 3473 Domini
1044 3414 1191 3472 exaltavit
1206 3434 1272 3473 me:
1293 3416 1363 3472 dox-

167 3520 224 3575 tun
235 3516 362 3577 Domini
374 3516 447 3575 fecit
459 3514 610 3572 virtutem.

220 3614 292 3672 Non
305 3612 426 3685 moriar,
441 3611 492 3669 sed
506 3612 623 3669 vivam:
645 3616 676 3668 et
689 3611 816 3667 narrabo
830 3627 918 3683 opera
932 3604 1064 3661 Domini.

220 3710 379 3789 Contigeris
390 3708 549 3785 castigavit
562 3728 610 3766 me
624 3707 789 3765 Dominus:
810 3712 841 3763 ct
854 3704 943 3762 morti
957 3721 1018 3759 non
1031 3700 1156 3758 tradidit
1169 3720 1225 3760 mc.

220 3806 349 3885 Aperite
361 3804 438 3863 mihi
456 3810 557 3881 portas
572 3803 717 3879 justitiae:
744 3804 892 3880 ingressus
914 3801 946 3857 in
968 3819 1016 3857 eas
1034 3797 1196 3856 confitebor
1216 3797 1364 3859 Domino:

169 3900 225 3965 bno
236 3912 324 3983 porta
336 3904 471 3974 Domini,
481 3900 560 3977 justi
571 3900 729 3959 intrabunt
743 3902 774 3957 in
788 3919 861 3959 eam.

222 4002 396 4061 Confitebor
409 4001 473 4073 tibi,
487 3998 628 4076 quoniam
643 3997 789 4055 exaudisti
803 4015 867 4053 mc:
889 4002 919 4051 ct
932 3993 1028 4051 factus
1042 4013 1073 4051 cs
1086 3992 1161 4049 mihi
1174 3994 1206 4050 in
1220 3995 1353 4054 salntem.

222 4098 377 4179 lapidem,
400 4118 490 4176 quem
510 4098 743 4175 reprobaverunt
764 4093 947 4164 adificantes,
970 4092 1019 4148 hio
1040 4090 1136 4148 factus
1157 4097 1202 4148 est
1223 4091 1256 4147 in
1278 4098 1367 4167 caput

173 4196 274 4275 aas

226 4296 256 4355 Δ
270 4296 404 4354 Domino
416 4296 529 4354 sactum
543 4300 588 4353 cst
602 4291 693 4363 istud,
708 4296 739 4347 et
753 4295 798 4347 cst
812 4287 946 4345 mirabile
960 4287 993 4343 in
1006 4285 1098 4345 cerdis
1111 4285 1227 4343 nostris.

225 4392 302 4451 Hreo
315 4397 363 4452 eat
376 4391 447 4465 dies,
461 4412 552 4469 quam
565 4391 636 4451 fecit
649 4388 814 4447 Dominus:
835 4385 1012 4459 exultemus,
1027 4390 1059 4443 et
1071 4382 1208 4442 laetemur
1220 4381 1253 4440 in
1266 4400 1308 4441 eo.
