3022 4966
211 353 275 418 198
493 348 543 415 Iu
557 346 611 413 die
625 343 884 431 assumptionis
899 343 994 410 beuta
1008 340 1136 418 Murio.

211 524 245 594 V.
270 532 317 590 'l'u
331 551 370 606 es,
382 531 481 608 inquit
494 529 609 601 Patr-ux
623 527 759 586 Christus
773 526 869 584 Pilius
883 525 942 584 Dei
951 524 1022 584 vivi
1056 523 1249 601 Respondens
1263 525 1411 585 Dominus

209 631 262 703 ait,
277 628 319 688 Et
334 648 387 706 ego
405 628 470 686 dieo
490 625 555 698 tibi,
572 625 643 703 quia
655 630 691 682 tu
705 643 736 682 oa
750 622 867 697 Petrus,
881 629 912 683 et
930 642 1018 700 super
1037 622 1114 680 hano
1127 628 1242 700 petram
1259 623 1410 683 oedificabo

209 727 360 788 eeclesiam
373 745 477 784 meam.
520 724 563 782 Et
575 723 781 800 quodeunque.

216 825 246 886 V.
262 823 490 904 (sacedotalis)
532 822 580 880 Tu
592 843 624 881 es
638 821 755 895 Petrus,
767 827 798 879 et
810 839 900 897 super
911 819 988 877 hanc
1001 823 1125 896 petram.

271 919 431 1095 giffudi
446 992 571 1075 beatum
588 1016 714 1074 Petrum
734 1014 901 1092 apostolum
914 1034 932 1071 a
944 1013 1072 1072 vinculis
1093 1013 1262 1071 absolutum
1282 1013 1410 1074 illaesum

210 1115 292 1175 abiro
318 1114 433 1188 fecisti3
463 1120 640 1185 nostrorum,
670 1131 847 1189 quaesumus,
875 1110 994 1169 absolve
1016 1109 1136 1167 vincula
1162 1117 1356 1186 peecatorum,
1380 1118 1412 1170 et

207 1213 309 1274 omnia
333 1213 413 1271 mala
438 1232 457 1271 a
479 1212 565 1271 nobis
587 1211 765 1289 propitiatus
788 1209 919 1267 exclude
976 1207 1035 1266 Per
1062 1208 1216 1266 Christum
1243 1209 1409 1268 Dominum

209 1316 354 1370 nostrum.

268 1407 319 1466 Ad
331 1406 487 1466 immodum
501 1404 591 1465 Cleri
603 1403 849 1480 Rapomorium:
870 1402 969 1475 Petro,
984 1421 1065 1460 amas
1078 1421 1135 1460 me.

495 1678 535 1736 Ire
555 1693 610 1734 mn
630 1677 859 1734 Assuurrroxrs
880 1688 986 1732 anarn
1006 1674 1131 1731 Manna

267 1849 309 1909 Ia
321 1850 401 1910 cuitu
415 1847 507 1909 07ιονί
519 1846 767 1923 Reopomorium:

266 1946 320 2006 Ad
332 1953 440 2005 nutum
456 1945 580 2003 Domini
592 1950 728 2002 nostrum
741 1942 867 2001 ditantis
879 1943 1033 2016 honorem,

269 2046 353 2105 Siout
366 2045 452 2123 spina
464 2064 570 2117 rosam,
583 2044 689 2121 genuit
701 2042 723 2100 J
725 2042 809 2100 udaea
821 2042 961 2100 Mariam.

212 2143 242 2204 V.
266 2143 315 2203 Ut
327 2143 435 2201 vitium
449 2142 546 2199 virtus
560 2141 696 2216 operiret,
709 2140 806 2216 gratia
819 2138 943 2215 culpam
987 2137 1070 2196 Siout
1083 2137 1176 2214 spina.

268 2239 372 2299 Gloria
385 2239 471 2298 Patri
483 2244 515 2297 et
528 2237 605 2295 Filio
618 2245 650 2295 et
664 2234 789 2314 Spiritui
803 2235 919 2295 Sancto.
962 2234 1046 2293 Sicut
1059 2235 1152 2311 spina

267 2336 311 2396 Ia
323 2337 418 2397 eundo
431 2337 561 2394 dieitur:
581 2335 678 2411 Stirps
691 2335 714 2391 J
715 2353 784 2404 esse,
799 2341 826 2390 ot
839 2341 939 2391 cetera.

268 2432 318 2493 Ad
330 2434 486 2494 introitum
501 2431 592 2492 Garri
605 2432 717 2490 duitor
729 2430 901 2508 Antiphone
910 2454 920 2490 .·

267 2531 415 2591 Ascendit
436 2531 572 2589 (lhiistus
594 2549 683 2607 super
703 2530 788 2588 oaelos
804 2535 835 2586 et
854 2527 1033 2605 proeparavit
1054 2546 1113 2585 suae
1136 2526 1304 2585 castissimas
1318 2528 1409 2584 matri

206 2628 440 2686 immortalitatis
454 2628 551 2684 locum
561 2649 569 2699 ;
590 2634 620 2684 et
634 2627 695 2684 haec
715 2634 761 2684 est
781 2627 833 2683 illa
853 2625 992 2703 praeolara
1010 2625 1158 2681 festivitas
1178 2625 1310 2681 omnium
1325 2643 1411 2682 sano—

205 2732 304 2783 torum
325 2724 539 2781 festititatibus
562 2724 806 2799 incomparabilis
822 2723 854 2778 in
868 2743 927 2798 qua
947 2722 1073 2797 gloriosa
1087 2729 1116 2778 et
1130 2722 1201 2778 felix
1226 2721 1404 2779 mirantibus

206 2822 329 2881 oaelestis
352 2822 439 2878 euriae
461 2821 615 2876 ordinibus
639 2821 675 2875 ad
694 2820 849 2877 antherium
869 2820 1005 2896 pervenit
1026 2819 1199 2891 thalamum,
1214 2839 1273 2894 quo
1289 2819 1338 2895 pia
1360 2820 1409 2876 sui

206 2938 369 2978 memorum
383 2920 537 2975 immemor
550 2937 737 2992 nequaquam
751 2919 869 2974 existat.

211 3016 241 3075 V.
258 3015 447 3094 (sacwdotal'
461 3015 487 3093 ).
530 3014 672 3071 Exultata
686 3036 724 3087 es,
740 3022 841 3072 saneta
854 3016 912 3071 Dei
927 3016 1073 3092 genetrix.

271 3111 380 3171 Oratio.

267 3207 448 3266 Veneranda
462 3207 555 3278 nobis,
572 3207 706 3279 Domine,
722 3208 811 3284 hujus
824 3209 884 3265 diei
898 3208 1044 3266 festivitas
1058 3229 1143 3285 opem
1157 3209 1288 3266 conferat
1302 3210 1410 3286 sempi-

207 3312 332 3378 ternam,
345 3305 377 3361 in
387 3325 447 3381 quo
461 3311 562 3362 saneta
572 3304 630 3361 Dei
639 3306 776 3380 genetrix
790 3312 915 3363 mortem
923 3305 1015 3363 subiit
1029 3307 1229 3381 temporalem,
1241 3327 1294 3363 nee
1306 3314 1408 3365 tamen

205 3402 309 3460 mortis
323 3401 449 3458 nexibus
464 3401 590 3477 deprimi
603 3401 710 3477 potuit,
725 3423 790 3478 quae
805 3403 917 3460 Filium
932 3410 1025 3475 tuum,
1039 3404 1202 3461 Dominum
1216 3411 1360 3478 nostrum,
1371 3405 1409 3463 de

205 3519 236 3558 se
249 3498 353 3579 gennit
367 3500 561 3557 incarnatum.
606 3499 666 3568 Qui
680 3507 778 3556 tecum
792 3501 876 3558 vivit

267 3595 426 3655 Domiaiou
439 3596 523 3671 infru
536 3604 570 3652 ut
584 3595 618 3652 in
631 3596 686 3668 die,
702 3599 751 3654 aed
764 3597 798 3654 in
811 3598 905 3656 eundo
919 3597 1030 3656 debitur
1042 3597 1266 3673 Repaonoorium
1277 3623 1286 3658 :

268 3695 295 3753 Ο
320 3694 408 3754 decus
431 3694 613 3771 virginitatis
637 3695 720 3772 virgo
744 3696 850 3768 Maria,
873 3698 935 3754 sola
960 3703 1054 3754 mater
1077 3696 1212 3773 innupta,
1233 3697 1317 3773 virgo
1337 3703 1411 3757 ante

205 3797 332 3869 partum,
348 3792 433 3868 uirgo
447 3792 479 3848 in
492 3799 589 3868 partu,
607 3794 690 3867 virgo
704 3800 770 3869 post
783 3802 912 3870 partum,
927 3801 1023 3852 mater
1041 3794 1160 3865 Christi,
1175 3794 1320 3870 templum
1338 3795 1408 3868 Dei,

206 3887 330 3946 Domini
343 3907 457 3964 sponsa,
474 3890 577 3944 mundi
592 3889 711 3946 domina
725 3896 756 3946 et
769 3891 834 3947 oaeli
848 3892 957 3967 regina.

208 3982 239 4042 V.
263 3982 425 4059 Virginum
435 4003 559 4059 gemma,
571 3985 718 4059 marisque
728 3986 814 4043 stella
824 3987 1008 4064 praefulgens
1019 3987 1128 4045 exaudi
1142 4007 1241 4064 preces
1255 4006 1410 4045 servorum

203 4083 333 4137 tuorum.
377 4079 486 4137 Mater.

264 4173 367 4230 Gloria
381 4174 467 4231 Patri
481 4181 511 4232 et
525 4175 602 4232 Filio
615 4182 646 4233 et
661 4175 788 4251 Spiritui
806 4179 924 4239 Sancte.
973 4180 1084 4237 Mater.

264 4268 305 4328 Et
318 4278 410 4328 cetero
423 4279 457 4328 ut
471 4292 570 4347 supro.
