3022 4966
613 284 730 353 Uettio
752 286 924 352 Ectoem'a.'
1327 287 1368 351 53

159 482 191 534 te
204 475 254 549 sit,
268 479 305 532 ut
317 480 349 532 te
364 471 511 551 justificet
524 490 533 545 ;
556 489 645 548 super
664 477 695 529 te
716 469 765 543 sit,
781 475 814 527 ut
827 475 858 526 te
872 467 1035 526 benedicat!
1079 468 1139 538 Qui
1152 486 1219 526 cum
1235 467 1325 526 Patre
1338 473 1370 525 et

160 572 278 651 Spiritu
292 572 400 631 Sancto
410 570 489 630 vivit
498 576 529 629 et
539 574 645 646 regnat
655 568 738 626 Deus
751 587 804 645 per
813 567 914 626 omnia
924 567 1031 626 saecule
1041 566 1222 626 saeculomm,
1259 567 1368 627 Amen.

222 670 384 729 Benedicat
394 677 426 727 te
436 669 535 727 Deus:
558 671 643 725 sanet
652 672 683 724 te
694 666 753 724 Dei
764 665 872 724 Filius:
891 664 1219 741 illuminetteSpiritus
1228 664 1354 724 Sanctus
1358 683 1368 738 3

160 787 267 847 corpus
280 775 367 827 tuum
381 767 529 827 custodiet
536 787 547 839 3
565 766 696 823 animem
706 770 790 822 tuam
800 764 914 836 salvet;
931 769 1078 822 cortuum
1088 763 1230 837 irradiet3
1248 782 1367 821 sensum

160 874 248 926 tuum
265 866 384 944 dirigat,
406 871 438 924 et
455 865 494 923 ad
512 883 670 942 supernam
686 862 782 920 vitam
801 867 832 919 te
849 861 999 938 perducet,
1016 860 1075 930 Qui
1092 861 1127 917 in
1140 859 1287 919 Trinitate
1303 881 1367 940 per·

158 964 238 1023 fecte
247 965 326 1022 vivit
340 969 371 1023 et
385 969 490 1041 regnat
505 962 595 1021 Deus
640 960 700 1019 Per
712 959 812 1018 omnia
825 958 931 1017 eaecule
944 957 1125 1017 seculorum.
1167 958 1276 1017 Amen

221 1060 333 1119 Oratio.
377 1059 511 1117 Oremus.
536 1053 538 1061 ’

221 1155 383 1214 Benedicat
406 1161 438 1213 te
462 1154 544 1212 Deus
568 1153 652 1227 cae1i3
675 1153 798 1229 adjuvet
818 1157 851 1209 te
872 1150 1016 1222 Christus,
1041 1149 1137 1208 Filius
1164 1148 1241 1208 Dei:
1262 1168 1367 1227 corpus

158 1259 247 1312 tuum
261 1252 294 1310 in
308 1272 361 1311 suo
375 1258 476 1311 sancto
490 1251 613 1310 servitio
626 1249 768 1310 custodiri
782 1254 812 1307 ct
825 1247 993 1307 conservari
1010 1247 1099 1306 saciat
1111 1268 1121 1321 3
1141 1253 1270 1306 mentem
1281 1238 1382 1334 tuem*

158 1350 310 1409 illuminet
317 1371 327 1423 ,-
348 1370 463 1408 sensum
486 1356 573 1408 tuum
593 1349 741 1408 custodiat
752 1368 761 1421 3
780 1347 907 1424 gratiam
928 1365 1012 1404 suam
1025 1346 1063 1404 ed
1083 1347 1246 1423 perlectum
1259 1348 1366 1408 anime

159 1440 220 1505 ture
240 1447 273 1504 in
287 1454 318 1505 te
338 1453 445 1525 augeat
456 1469 465 1521 ;
485 1448 524 1505 eb
544 1447 626 1505 omni
646 1446 724 1505 melo
738 1452 768 1503 te
788 1445 917 1516 liberet3
939 1443 1061 1501 dextera
1081 1463 1135 1501 sue
1155 1450 1186 1502 te
1205 1444 1344 1503 defendat
1354 1464 1365 1520 5

159 1545 213 1621 qui
226 1552 343 1604 sanctos
357 1565 425 1604 suos
438 1563 555 1622 semper
567 1545 615 1622 adj
619 1550 699 1617 uvat,
715 1544 778 1621 ipse
792 1549 822 1602 te
832 1543 880 1620 adj
884 1561 974 1599 uvare
986 1547 1018 1600 et
1030 1561 1203 1601 conservare
1216 1543 1363 1621 dignetur.
1379 1546 1382 1555 ’

159 1643 220 1713 Qui
243 1663 312 1701 cum
335 1643 426 1702 Patre
447 1650 478 1702 et
499 1643 615 1721 Spiritu
639 1642 748 1701 Sancto
772 1641 852 1700 vivit
871 1646 903 1698 et
921 1644 1028 1718 regnat
1048 1640 1138 1699 Deus.
1186 1641 1246 1700 Per
1264 1643 1365 1702 omnia

157 1742 264 1800 eaecula
276 1743 448 1801 seculorem
491 1743 600 1801 Amen.

218 1839 353 1897 Oramus.
397 1840 510 1898 Oratio.
1367 1886 1370 1896 f

218 1934 380 1993 Benedicat
394 1941 423 1993 te
438 1935 520 1993 Deus
534 1934 632 2007 Pater,
647 1933 699 2010 qui
712 1933 746 1990 in
760 1931 906 2009 principio
919 1937 1027 1989 cuncta
1040 1933 1160 1990 creavit.
1204 1933 1366 1994 Benedicat

156 2037 187 2090 te
212 2032 270 2089 Dei
293 2031 398 2103 Filius,
425 2032 478 2108 qui
501 2030 538 2089 de
561 2030 696 2106 supernis
720 2029 838 2087 sedibus
861 2047 915 2104 pro
938 2028 1024 2086 nobie
1048 2028 1178 2087 salvator
1204 2029 1363 2090 descendit

156 2126 320 2184 Benedicat
333 2131 364 2183 te
378 2126 508 2201 Spiritus
522 2126 658 2196 Sanctus,
673 2125 725 2201 qui
739 2125 772 2181 in
782 2123 1009 2181 similitudinem
1023 2123 1166 2181 columbae
1178 2124 1212 2181 in
1225 2125 1247 2183 J
1248 2126 1367 2184 ordenis

156 2221 280 2278 flumine
294 2220 443 2295 requievit
456 2220 489 2276 in
503 2219 630 2279 Oluisto.
673 2219 800 2295 Ipseque
821 2223 852 2275 te
871 2217 906 2273 in
925 2216 1073 2275 Trinitate
1092 2218 1265 2290 sanctificet,
1279 2226 1366 2297 quern¹

157 2335 261 2385 omnes
284 2321 388 2391 gentes
409 2322 570 2372 venturum
594 2319 762 2390 expectant,
788 2312 849 2383 Qui
870 2331 938 2369 cum
959 2312 1049 2369 Patre
1069 2320 1100 2371 et
1120 2313 1237 2390 Spiritu
1257 2315 1367 2378 Sancto
1452 2372 1454 2379 .

157 2410 281 2468 vivite
295 2415 399 2486 regnet
413 2409 503 2468 Deus.
546 2409 605 2467 Per
618 2408 718 2467 omnia
730 2407 837 2467 saecule
849 2409 1031 2467 saeculorum.
1072 2410 1182 2495 Amen.

219 2507 353 2564 Oremus.
397 2506 507 2566 Oratio.
802 2553 805 2561 .

217 2603 380 2662 Benedicat
397 2610 429 2661 te
450 2603 532 2661 Deus
546 2602 656 2661 Pater:
677 2601 824 2660 custodiat
837 2608 867 2660 te
887 2601 976 2660 Jesus
994 2603 1151 2664 Christus:
1171 2605 1322 2666 illuminet
1335 2614 1366 2668 te

155 2699 285 2776 Spiritus
299 2699 427 2757 Sanctus
440 2699 579 2758 omnibus
593 2698 698 2756 diebus
711 2697 781 2755 vitae
794 2703 863 2755 tuse.
908 2698 1071 2759 Oonfimiet
1084 2706 1115 2759 te
1125 2701 1223 2761 virtus
1238 2702 1349 2764 Christi
1353 2724 1363 2780 3

154 2797 308 2874 indulgeat
320 2796 379 2855 tibi
393 2797 541 2855 Dominus
554 2796 695 2854 universa
707 2795 815 2853 delicta
828 2800 902 2867 tua,·
924 2795 984 2865 Qui
1004 2797 1176 2858 cumPatre
1196 2805 1227 2858 et
1247 2801 1362 2881 Spiritu

153 2894 263 2957 Sancto
276 2896 356 2953 vivit
368 2902 399 2954 et
412 2901 517 2973 regnat
531 2896 621 2954 Deua
664 2894 724 2952 Per
736 2893 836 2951 omnia
849 2893 956 2952 saecule
974 2894 1155 2956 seculorum
1197 2899 1304 2961 Amen.

118 3017 122 3027 ·
214 2993 377 3051 Benedicat
391 2999 421 3053 te
435 2993 519 3051 Deus
533 2993 631 3065 Pater,
647 2992 700 3069 qui
713 2998 744 3049 te
757 2991 877 3072 creavit.
919 2993 1026 3051 Amen.

211 3089 434 3165 Beepomleotur
446 3098 473 3147 ct
486 3090 528 3148 eie
536 3108 591 3165 per
603 3088 737 3164 riopolee
750 3086 956 3147 bendictione
968 3099 1132 3166 rmeontee:

153 3187 315 3245 Benedicat
327 3192 358 3245 te
372 3186 432 3244 Dei
445 3186 549 3261 Filius,
564 3188 617 3264 qui
630 3205 684 3263 pro
698 3191 728 3243 te
741 3204 842 3262 passus
852 3190 906 3244 est.
947 3186 1056 3247 Amen.

153 3282 316 3342 Benedicat
328 3289 359 3341 te
373 3282 503 3359 Spiritus
517 3283 652 3356 Senetrrs,
667 3283 720 3360 qui
733 3283 766 3339 in
779 3287 810 3340 te
823 3282 934 3341 effusus
947 3289 1000 3343 est
1040 3286 1149 3345 Amen.

152 3381 316 3440 Benedicat
328 3387 359 3439 te
373 3380 469 3460 Virgo
483 3381 514 3440 et
528 3382 629 3440 Mater
638 3382 715 3459 regis
729 3381 841 3444 aeterni.
882 3381 990 3441 Amen.

152 3479 338 3538 Benedicent
350 3485 381 3536 te
394 3479 505 3556 Angeli
520 3486 551 3537 et
563 3479 754 3557 Archangeli,
769 3481 962 3560 Principatus
974 3487 1006 3540 et
1019 3479 1193 3541 Potestetes.
1236 3483 1343 3541 Amen.

151 3574 338 3632 Benedicent
350 3579 381 3632 te
399 3593 505 3633 novem
519 3575 646 3634 Ordines
656 3575 844 3652 Angelorum
857 3578 943 3654 regni
955 3577 1088 3636 celestis.
1129 3579 1237 3637 Amen.
1251 3640 1254 3645 ,

152 3670 338 3730 Benedicent
361 3677 392 3730 te
412 3671 526 3750 viginti
545 3678 675 3749 quatuor
695 3671 840 3749 Seniores,
862 3675 914 3751 qui
939 3680 1010 3732 ante
1029 3674 1170 3732 thronum
1193 3676 1251 3734 Dei
1279 3680 1358 3735 sunt.

232 3769 342 3827 Amen.

151 3865 336 3925 Benedicent
349 3873 380 3925 te
393 3867 533 3927 Virtutes
546 3874 577 3927 et
591 3869 826 3929 Dominationes.
869 3867 975 3929 Amen.

151 3962 336 4021 Benedicent
348 3969 380 4022 te
394 3963 516 4037 Throni,
531 3965 683 4023 Cherubin
697 3972 728 4024 et
742 3964 896 4044 Seraphin.
935 3967 1044 4025 Amen.

150 4059 335 4120 Benedicent
349 4069 379 4121 te
393 4062 575 4121 Petrierchae
589 4070 620 4122 et
634 4064 792 4141 Prophetae
805 4070 837 4122 et
850 4064 989 4141 Apostoli
1004 4063 1135 4123 Domini.
1178 4067 1286 4126 Arnen.

149 4155 336 4216 Benedicent
349 4165 379 4217 te
394 4159 544 4236 Martyres
557 4166 588 4218 et
609 4159 801 4219 confessores.
844 4162 953 4219 Amen.

150 4253 335 4313 Benedicent
348 4261 380 4313 te
394 4255 535 4313 Monachi
549 4263 580 4314 et
593 4256 734 4334 Virgines
748 4256 815 4316 Dei
858 4258 965 4316 Amen.

149 4352 336 4412 Benedicent
348 4359 379 4413 te
393 4353 497 4411 celum
511 4358 542 4410 et
555 4358 644 4428 tene,
660 4373 740 4414 mare
754 4361 785 4413 et
799 4355 899 4413 emnia·
911 4373 978 4430 quae
991 4354 1024 4413 in
1037 4353 1080 4412 eis
1093 4361 1171 4413 sunt
1214 4355 1322 4414 Amen.
