3022 4966
532 364 783 433 Bemdteiono
805 365 985 433 ommia.
1294 368 1358 437 107

154 542 206 603 tibi
216 544 411 623 insurgentes
424 552 546 619 terrere,
559 544 725 625 hbensque
738 547 902 606 victoriam.
946 548 985 605 In
998 549 1118 607 nomine
1131 549 1230 607 Patris
1242 555 1274 607 et
1287 548 1360 607 Filii

95 662 98 671 ·
154 640 331 719 &Spiritus
343 642 455 701 Sancti.

208 736 331 797 Deinde
342 746 441 797 enred
450 758 550 815 penno
561 759 617 799 eno
630 748 728 799 tenens
744 750 861 800 seutiam
881 750 907 800 et
928 740 1071 813 ὁασιιῑιιηι,
1086 750 1113 800 et
1125 740 1266 800 Sacerdos
1279 740 1359 801 diem

155 852 239 911 ιιμι·
249 852 322 893 mm
334 832 412 893 tone
425 832 595 895 orationem
609 861 619 896 :

210 930 409 989 eonfortetur
434 938 466 990 et
488 933 692 991 eorroborntor
717 938 1045 1009 sustelitsmentumque
1070 940 1191 991 tuorum
1214 933 1355 1005 fidelium,

154 1024 292 1105 Menny,
302 1026 487 1099 indeficiens,
497 1027 736 1099 interminabilis,
748 1028 954 1086 inennnnbilis
968 1028 1067 1101 Pater,
1079 1036 1188 1088 aeterno
1203 1030 1294 1102 Deus,
1306 1030 1359 1106 qui

154 1128 255 1201 gnte·
278 1142 405 1203 magnes
431 1144 571 1203 regesque
597 1126 689 1183 fortes
715 1144 813 1183 eornm
843 1124 953 1201 populo
979 1131 1033 1182 tuo
1056 1126 1149 1184 Isreel
1173 1126 1358 1199 destruxisti,

154 1220 264 1299 quique
277 1240 372 1299 puero
384 1226 439 1280 tno
452 1221 553 1279 David
565 1221 602 1279 de
615 1222 735 1299 gigante
748 1226 780 1277 to
792 1220 1015 1299 blasphemante
1029 1227 1119 1297 etque
1132 1222 1163 1279 in
1177 1242 1232 1280 sun
1244 1222 1358 1279 virtute

154 1316 322 1377 wnfidento
348 1316 534 1395 triumphare
563 1316 751 1389 concessisti,
785 1324 817 1373 te
844 1317 990 1393 supplices
1024 1338 1188 1389 exornmus,
1216 1324 1253 1374 ut
1278 1317 1358 1375 huno

155 1412 300 1473 famulum
319 1420 409 1471 tunm
430 1413 464 1471 in
485 1419 516 1471 te
536 1412 732 1472 confidentem
753 1412 933 1486 benedicere,
948 1413 1098 1490 adjuvere,
1112 1420 1274 1490 protegere,
1289 1433 1357 1471 oon-

154 1508 263 1569 futuro
290 1516 324 1569 et
350 1529 531 1584 tonsorare,
556 1492 657 1587 stqne‘
679 1515 849 1568 sanctorum
883 1510 1056 1587 angelorum
1083 1510 1219 1586 praesidio
1246 1509 1358 1567 vollare

154 1604 295 1683 digneris.
337 1604 453 1665 Prnsts
471 1606 508 1679 ei,
523 1606 663 1677 Domine,
678 1606 766 1663 fidem
787 1612 907 1677 rectem,
926 1626 1007 1683 spem
1029 1608 1152 1679 fiunem,
1168 1605 1264 1664 cordis
1284 1606 1357 1663 fidu-

154 1702 237 1775 ἀίω,
251 1702 387 1780 eorporis
399 1702 614 1777 fortitudinem,
627 1703 761 1761 omnium
775 1704 960 1761 memborum
972 1704 1188 1777 valitudinem,
1207 1704 1357 1780 quatinus,

155 1804 184 1857 te
194 1798 369 1877 adjuvante,
377 1800 533 1859 victoriam
546 1820 695 1878 oepemere
708 1807 867 1873 mereatur,
882 1802 996 1877 tibique
1007 1800 1071 1859 Deo
1085 1802 1140 1859 soli
1149 1801 1356 1878 omnipotenti,

155 1900 185 1953 et
195 1896 309 1975 gratiss
322 1902 355 1955 et
366 1897 470 1956 landes
481 1898 597 1957 reseret
642 1897 701 1955 Per
714 1898 886 1957 Dominum.

212 1992 301 2051 iimo
312 2002 424 2069 mrqae,
438 2002 465 2053 et
476 1995 585 2053 nerum
597 1995 717 2053 dicct-tur
729 1995 757 2053 ei
767 2018 777 2054 :

212 2086 390 2147 Consortere
413 2094 445 2148 et
468 2096 532 2149 esto
551 2091 700 2163 robustus,
715 2110 800 2166 spere
820 2091 853 2148 in
871 2090 1001 2149 Domino
1022 2097 1053 2147 et
1073 2091 1119 2148 feo
1139 2090 1310 2162 bonitatem,
1325 2098 1356 2147 et

157 2182 217 2241 noli
236 2182 375 2241 oblivisci
395 2204 498 2244 omnes
518 2186 729 2245 retributiones
751 2188 824 2262 ejus.
880 2187 949 2263 Ipse
968 2188 1020 2244 det
1033 2187 1089 2243 tibi
1104 2187 1197 2242 vitem
1214 2192 1355 2243 :eternam

156 2284 186 2339 n
195 2279 354 2339 nemnem
367 2286 400 2339 et
411 2282 646 2341 benedictionem
658 2283 690 2339 iu
704 2282 844 2340 sreeulum
858 2283 964 2341 saeouli.

212 2376 378 2435 Bonediont
389 2384 422 2436 te
435 2378 518 2436 Dens
531 2377 640 2451 Pater;
660 2378 809 2436 custodiat
830 2384 861 2436 te
882 2379 905 2436 J
906 2398 971 2435 esus
990 2377 1144 2435 Christos:
1165 2383 1286 2453 praestet
1298 2378 1355 2436 tibi

154 2474 316 2545 riotorinm,
330 2475 384 2552 qui
403 2475 502 2533 trinus
525 2480 556 2531 et
581 2493 657 2532 nnus
676 2475 758 2532 Deus
780 2475 859 2532 vivit
880 2482 911 2533 et
930 2482 1035 2552 regunt
1056 2493 1109 2549 per
1129 2474 1229 2530 omnin
1249 2474 1356 2532 sseeuln

154 2572 337 2631 seculorum.
378 2572 486 2631 Amen.

211 2669 447 2745 memorium.
476 2670 526 2729 Ne
536 2669 723 2746 derelinquas
734 2669 812 2726 huno
823 2668 967 2725 famulum
978 2676 1073 2741 tuum,
1085 2670 1214 2728 Domine
1225 2670 1315 2728 Peter
1325 2676 1357 2727 et

153 2764 323 2825 dominator
334 2768 406 2825 vitre
418 2787 487 2840 suae,
500 2772 535 2825 ut
549 2786 609 2825 non
623 2772 741 2824 corruet
754 2767 787 2823 in
800 2774 958 2842 conspeetu
972 2768 1205 2826 adversariorum
1222 2788 1352 2825 suorum.

155 2860 202 2921 Ne
213 2864 345 2941 gaudent
357 2864 394 2922 de
408 2884 443 2923 so
455 2865 594 2923 inimicus
607 2884 686 2923 suus.

159 2956 188 3017 7.
210 2959 413 3037 Apprebende
425 2981 509 3021 arma
522 2969 553 3021 et
565 2970 691 3035 sentum,
703 2968 734 3019 et
744 2981 869 3038 exsurge
883 2962 915 3018 in
928 2962 1109 3040 adjutorium
1120 2963 1155 3036 ei,
1167 2983 1205 3022 ne
1219 2963 1353 3041 gaudent.

211 3054 301 3115 Pone
312 3055 432 3115 dinewr
444 3056 541 3117 Missa
553 3059 589 3118 de
601 3058 720 3135 Spiritu
733 3057 848 3117 Sancto.

212 3150 413 3229 offertoriwn.
455 3154 586 3232 Spiritus
599 3154 731 3212 Domini.

450 3356 642 3417 Bsusniono
662 3373 759 3417 suren
779 3373 924 3416 rsoorun
944 3375 1060 3417 novun.

211 3485 354 3559 Domine,
382 3494 483 3547 ennete
510 3489 609 3561 Pater,
644 3490 831 3566 omnipotens
858 3495 968 3547 seterue
995 3490 1086 3559 Deus,
1114 3490 1167 3565 qui
1193 3489 1297 3546 crolum
1324 3494 1355 3546 et

150 3588 264 3645 iem
276 3591 405 3643 merset
418 3586 519 3644 omnin
532 3607 596 3664 quoe
611 3587 643 3644 in
657 3588 699 3645 eis
713 3594 784 3645 sunt
797 3588 922 3659 creasti,
942 3593 972 3644 te
985 3587 1129 3663 supplices
1144 3603 1308 3655 exoramus,
1320 3590 1355 3641 ut

150 3682 232 3743 tm
243 3682 377 3743 finctum
394 3701 507 3741 novum
527 3683 698 3742 benedicere
718 3690 749 3741 et
768 3683 949 3741 sanctificare
962 3681 1099 3759 digneris,
1114 3686 1145 3737 et
1158 3678 1355 3755 multiplicare

149 3778 343 3839 ebnndsnter
361 3778 554 3838 offerentibus
566 3779 633 3853 tibi,
647 3787 683 3837 ut
696 3780 808 3857 replens
829 3800 931 3838 eornm
953 3778 1072 3839 cellaria
1090 3796 1158 3835 cum
1179 3774 1355 3833 fortitudine

148 3876 296 3937 humenti
308 3882 341 3936 et
353 3878 425 3952 vini,
441 3883 472 3936 et
485 3877 620 3937 Intentos
633 3878 665 3933 in
678 3878 720 3936 eis
733 3878 862 3937 referent
881 3877 939 3935 tibi
959 3876 1024 3936 Deo
1043 3872 1240 3953 omnipotenti
1254 3871 1356 3931 landes

149 3976 315 4055 nigratis&
358 3974 419 4034 Per
431 3974 596 4034 Dominum
609 3980 753 4033 nostrum.

568 4192 761 4251 Brnnmcrio
776 4191 942 4251 Pononun.

209 4322 350 4397 Benedie,
366 4321 506 4397 Domine,
525 4323 606 4381 hune
618 4323 749 4381 fructum
770 4341 891 4389 novum,
906 4328 941 4381 nt
961 4323 1015 4399 qui
1035 4328 1164 4381 utuntur
1180 4340 1219 4380 ex
1239 4340 1273 4379 eo
1294 4320 1356 4378 sint

148 4420 337 4481 mffioett
380 4418 440 4478 Per
452 4419 617 4479 Dominum
631 4426 777 4479 nostrum.
