3022 4966
480 299 636 370 omae
651 299 1032 388 summouentem
1316 303 1359 367 25

208 480 245 542 Si
264 500 329 543 uero
348 482 460 559 acum
479 481 721 559 inpedimentum
734 482 857 560 aliquod
872 502 1035 561 properum
1056 482 1180 543 uoluerit
1201 490 1228 543 et
1247 482 1292 543 ad
1310 482 1362 544 ioo

144 578 333 654 probandum
354 580 518 640 cautionem
530 581 710 661 pranderit,
729 581 908 658 differantur
921 581 1071 659 eporuutia
1084 582 1173 640 donec
1196 580 1240 642 rei
1253 581 1361 642 veritae

151 685 349 751 coqnoocotur.
685 684 687 689 ’

210 781 283 841 Non
298 781 410 857 fidabit
433 780 574 841 Sacerdote
597 800 648 841 nco
670 783 825 842 consentiet
845 783 886 842 nd
901 783 1079 858 fidationem
1105 783 1183 842 inter
1208 782 1307 842 uirum
1333 790 1361 843 et

150 877 301 937 mutierem
314 888 382 938 onte
393 878 512 937 tertium
519 878 646 938 edictum
656 879 830 940 bannorum.
864 880 953 940 Debet
966 880 1045 939 enirn
1054 879 1197 940 Sacerdos
1210 879 1312 939 banna
1324 879 1361 939 in

149 973 225 1039 socie
242 975 379 1034 Ecclesia
395 975 482 1052 infra
498 974 662 1036 Missurum
679 976 921 1050 redempturum
938 977 1035 1054 major
1053 976 1173 1053 offuerit
1188 976 1360 1051 multitudo,

144 1089 200 1147 per
214 1081 271 1132 trec
283 1073 344 1133 dieo
356 1073 505 1135 sollemnes
514 1082 540 1133 et
553 1073 713 1150 didunctoo
722 1076 923 1151 interropore;
936 1075 982 1134 ita
991 1076 1070 1152 quod
1083 1076 1161 1136 iuter
1169 1093 1361 1150 unumquem-

151 1190 206 1245 que
220 1171 298 1228 diem
311 1171 473 1232 soliemnem
487 1172 572 1233 cadat
585 1172 628 1232 ad
639 1173 740 1233 minue
758 1193 823 1232 uno
842 1174 907 1252 dice
918 1173 1152 1252 (serratio-Sir
1164 1173 1195 1233 J.
1211 1171 1361 1232 Lawson's

151 1266 212 1324 and
225 1266 312 1324 York
326 1266 429 1346 MSS.)

211 1380 254 1440 Et
275 1384 441 1443 notandum
464 1385 543 1460 quod
564 1383 743 1445 autumnitas
765 1385 951 1445 matrimonii
969 1385 1142 1463 prohibetur
1165 1383 1302 1443 cekbrori
1325 1383 1362 1444 ab

151 1476 288 1537 Adventu
301 1478 432 1554 Domini,
444 1481 479 1539 id
492 1490 532 1542 eet
545 1502 566 1541 a
573 1482 678 1559 prima
691 1481 851 1542 Dominico
863 1481 899 1541 in
911 1481 1049 1542 Adventu
1062 1480 1203 1540 irulueioe
1216 1499 1308 1556 neque
1321 1480 1363 1538 ad

153 1574 277 1636 Oetaeae
299 1578 477 1655 Epiphania
500 1579 664 1652 inctueioe;
677 1589 713 1640 et
736 1600 757 1639 a
779 1579 1001 1657 Septuopeeinm
1024 1600 1115 1657 utque
1137 1589 1203 1657 port
1228 1579 1362 1653 Octaoao,

154 1672 280 1749 Pascite,
295 1677 329 1734 id
347 1685 387 1736 eet
402 1685 470 1753 poet
493 1677 683 1737 Dominicam
706 1678 741 1736 in
764 1677 847 1737 Attii
857 1700 871 1748 ,·
895 1687 922 1738 ct
943 1699 962 1737 a
979 1679 1084 1755 prima
1100 1679 1148 1736 die
1164 1677 1364 1753 Roqotionum

152 1769 292 1831 induciae
305 1791 396 1848 utque
409 1774 451 1832 ad
463 1782 597 1832 octauum
610 1775 689 1833 dum
696 1782 765 1851 poet
775 1773 966 1848 Pentecosten,
983 1775 1036 1850 qui
1048 1784 1088 1834 cet
1102 1775 1136 1832 in
1149 1774 1233 1833 Foeta
1248 1772 1364 1832 Sancta

154 1866 312 1927 Trinitatis
329 1869 478 1930 indutiae.
519 1871 562 1930 Et
579 1872 643 1931 ideo
661 1871 714 1948 qui
731 1871 882 1948 incipiunt
901 1872 1040 1932 cdeirare
1057 1872 1181 1948 nuptiae
1197 1872 1233 1930 iu
1247 1869 1364 1931 Octauio

153 1962 330 2039 Epiphaniae
343 1975 370 2024 et
383 1967 418 2024 in
430 1967 590 2027 Dominicu
602 1969 637 2026 in
650 1967 735 2028 Attio
744 1977 771 2027 ct
780 1969 815 2026 in
827 1968 912 2028 Festo
925 1968 1041 2028 Sanctae
1053 1968 1212 2027 Trinitatis
1224 1968 1364 2027 uidentur

155 2056 305 2119 Uononem
317 2062 434 2120 violare.

215 2161 324 2223 *Unde
337 2185 437 2224 omnm
447 2166 549 2244 pertiti.

155 2305 253 2365 alonge
370 2308 492 2354 hominem
600 2309 719 2358 dederunt
801 2309 873 2357 modo
998 2313 1107 2357 vestrum
1166 2310 1200 2357 sit
1215 2309 1240 2356 S.
1257 2308 1367 2358 Trinitas

155 2398 314 2445 ASPIOIES
368 2399 534 2447 VETEREM
598 2401 753 2448 enecuit
798 2400 905 2456 QUASI
995 2400 1075 2455 QUIS
1165 2400 1365 2449 BENEDIOTA

155 2494 324 2556 InfroAdoen-
369 2494 425 2541 Poct
436 2495 535 2543 Oetaeae
593 2495 676 2543 Prima
685 2495 784 2558 Septua·
797 2496 964 2543 PoctOetacao
992 2495 1076 2543 Prima
1086 2495 1133 2542 Ro·
1166 2495 1222 2541 Poot
1232 2495 1323 2543 Festum

184 2560 232 2600 tum
389 2554 528 2614 Epiphania
613 2555 704 2616 perimo
821 2555 920 2605 Pascua
1015 2554 1135 2616 pauonem
1190 2555 1313 2602 Trinitatis

154 2643 271 2692 Nouiiort
346 2645 472 2697 'Hiclioet
590 2647 691 2695 Hieron
800 2647 907 2696 Hictieet
989 2646 1109 2694 Nonticet
1166 2646 1278 2696 Hicticet

215 2767 330 2828 *Debet
349 2770 438 2827 etiam
457 2768 599 2830 Sacerdoo
620 2770 779 2830 terminum
792 2774 942 2848 proefipere
960 2780 1159 2848 competentem
1179 2770 1264 2847 iufra
1282 2791 1367 2848 quem

153 2866 206 2941 qui
219 2866 342 2925 uoluerit
355 2875 382 2925 et
394 2866 521 2926 oaimrit
534 2868 696 2944 lepitimum
716 2877 844 2945 opponat
862 2869 1110 2945 impedimentum.
1153 2869 1194 2926 Et
1211 2869 1239 2926 oi
1252 2878 1366 2929 contro·

154 2964 250 3023 ltentco
263 2966 444 3026 diuersorum
457 2967 519 3026 oint
530 2968 789 3044 parochianorum,
806 2976 876 3027 tuno
888 2967 923 3026 in
935 2976 1061 3044 utraque
1079 2965 1213 3026 Eccieeia
1228 2967 1366 3044 parocii-

154 3081 281 3120 onorum
297 3062 417 3123 diorum
435 3073 506 3124 eunt
526 3065 625 3123 banna
644 3064 862 3138 interropando.
919 3062 954 3123 Si
974 3072 1071 3122 autem
1090 3063 1183 3122 unius
1196 3069 1222 3122 et
1240 3061 1367 3139 ejusdem

154 3161 215 3221 tint
240 3163 398 3239 parodria,
432 3173 504 3224 tunc
546 3172 664 3223 tantum
700 3165 735 3223 iu
766 3161 898 3224 Ecclesia
936 3163 1020 3223 illiue
1052 3162 1233 3240 parodn'aui
1266 3163 1367 3222 banna

153 3257 376 3338 interroqentur.
416 3262 558 3322 Sacerdos
570 3282 635 3322 uero
648 3262 702 3339 qui
715 3263 870 3323 contractio
885 3261 1156 3322 matimonioiibue
1172 3269 1241 3320 anto
1255 3261 1367 3320 trinam

154 3359 320 3420 soliemnem
346 3361 602 3438 interropationem
629 3362 803 3433 bannorum,
824 3369 859 3419 ut
881 3360 1060 3435 pradictum
1079 3368 1129 3431 eet,
1146 3358 1368 3434 praeumpcerit

155 3455 299 3530 intereme,
307 3477 429 3534 poenam
441 3458 639 3536 mipendonic
652 3458 688 3518 ab
701 3457 791 3533 officio
800 3477 856 3532 per
870 3455 1033 3514 triennium
1045 3455 1182 3514 inmnit.
1224 3452 1368 3514 Simiiitn·

155 3552 297 3612 Sacerdos
308 3555 510 3630 parochianus
530 3555 584 3632 qui
604 3554 796 3614 matrimonio
810 3552 990 3612 cmndcetirm
1011 3552 1046 3611 in
1061 3550 1207 3627 parochia
1226 3569 1284 3609 tua
1298 3571 1368 3628 pro-

155 3651 250 3712 hibere
263 3653 469 3730 contemptum,
483 3653 520 3712 ab
533 3652 623 3728 officio
631 3671 688 3728 per
701 3649 863 3710 omnnium
877 3648 955 3708 debet
964 3648 1126 3726 impendi·
1147 3655 1174 3706 ct
1191 3647 1314 3724 mariue
1327 3656 1368 3709 cot

151 3751 334 3829 puniendue,
349 3751 376 3811 ei
389 3751 481 3829 adpae
493 3751 625 3828 quoiitao
637 3751 672 3810 id
683 3749 824 3827 requirat.
866 3746 1065 3809 Prohibentur
1077 3755 1176 3807 autem
1184 3747 1368 3810 alcindeotina

156 3849 349 3909 nmtrimouia
368 3848 484 3926 duplici
502 3849 625 3921 rotrone,
639 3847 770 3907 uidelicet
787 3865 824 3905 ne
842 3845 896 3906 out
909 3865 958 3923 ope
970 3845 1155 3906 matriownii
1169 3846 1368 3908 committatur

147 3945 337 4024 fornicatio;
357 3956 383 4007 et
400 3946 660 4007 nmtrimoniaiiter
677 3944 825 4022 conjuncti
841 3944 950 4021 injuste
967 3954 1145 4022 eeparmtur.
1186 3945 1269 4022 Sapo
1289 3947 1368 4007 enim

156 4045 192 4104 in
214 4046 403 4106 matrimonio
430 4046 538 4106 occulto
564 4063 645 4104 mim
670 4042 829 4121 conjugum
854 4052 953 4104 mutat
974 4044 1168 4122 propoeitum,
1193 4053 1221 4104 et
1244 4044 1369 4105 dimittit

156 4143 303 4221 reliquum
318 4144 541 4222 probationibuo
560 4141 732 4202 testimoni
752 4150 780 4202 et
792 4143 854 4204 eine
874 4142 1000 4203 remedio
1016 4142 1211 4202 metitutionio
1220 4163 1233 4213 ;
1253 4150 1281 4204 et
1303 4143 1368 4204 ideo

151 4241 327 4318 prohibeant
339 4240 507 4302 Sacerdotes
524 4239 724 4319 parochianos
745 4258 821 4314 mooe,
842 4260 880 4300 ne
901 4241 971 4300 dent
992 4239 1049 4299 eiii
1062 4238 1157 4315 fidem
1169 4259 1204 4298 coc
1216 4247 1320 4301 mutuo
1332 4239 1368 4300 iu

337 4368 351 4394 ⁸
362 4367 403 4415 Sir
411 4368 478 4415 John
488 4367 615 4417 Lcwson'e
624 4365 673 4414 and
682 4365 723 4413 the
734 4365 802 4413 York
811 4366 885 4415 MSS·
895 4365 955 4414 omit
964 4365 1032 4413 these
1041 4365 1196 4426 paragraphi
