3022 4966
523 391 699 478 Exsequias
718 390 976 478 Defenderam.
1310 395 1352 457 83

208 573 370 650 depalatur
394 573 632 650 Responsorium,
657 574 768 633 Libera
794 593 850 647 me,
873 575 994 651 quando
1009 575 1051 650 fit
1073 593 1140 634 cura
1163 593 1265 633 resecas
1288 572 1355 632 Bcc-

151 666 286 726 tionibus.

156 762 186 822 V.
211 763 328 822 Audivi
341 782 444 822 vocem
457 763 494 821 de
508 761 579 821 eaelo
592 761 758 821 dicentem:

151 859 186 917 R.
209 860 298 918 Beati
310 860 423 918 mortui
436 858 537 935 quiin
550 858 681 916 Domino
694 858 871 918 moriuntur.

641 1077 680 1135 Iu
702 1076 870 1136 muninus.

215 1158 395 1233 Aratiplcona.

824 1552 1082 1611 E-V-O-V
1111 1589 1122 1598 ·
1149 1554 1280 1614 A-E.

211 1635 349 1694 Psalmus
363 1634 421 1711 (l.)

212 1726 352 1786 Miserere
367 1727 433 1800 mei,
450 1726 541 1799 Deus,
556 1727 720 1784 secundum
733 1745 871 1804 magnam
885 1726 1116 1785 misericordiam
1130 1734 1221 1787 tuam.

212 1824 253 1882 Et
267 1825 429 1884 secundum
450 1823 675 1882 multitudinem
693 1824 916 1882 miserationum
929 1832 1067 1884 tuarum:
1088 1827 1152 1885 ‹lele
1165 1827 1356 1904 iniquitatem

150 1936 255 1975 meam.

212 2012 350 2089 Amplius
363 2012 432 2070 lava
445 2031 492 2068 me
506 2012 544 2068 ab
558 2011 718 2087 iniquitate
731 2029 815 2068 mea:
836 2017 867 2068 et
881 2030 899 2067 a
912 2019 1031 2088 peccmo
1045 2013 1156 2070 munda
1168 2034 1224 2072 me.

214 2110 362 2178 Quoniam
375 2108 566 2183 iniquitatem
580 2127 677 2164 meam
687 2126 740 2182 ego
751 2125 911 2182 cognosco:
931 2113 961 2164 et
975 2114 1128 2183 peccatum
1142 2128 1241 2166 meum
1256 2115 1358 2166 contra

154 2223 203 2261 me
217 2210 261 2261 est
274 2223 396 2280 semper.

217 2299 285 2355 Tibi
298 2299 353 2356 soli
367 2298 494 2374 peccavi,
509 2304 540 2354 et
552 2296 665 2355 malum
685 2315 783 2355 coram
798 2302 827 2353 te
842 2297 914 2354 feci:
936 2304 971 2354 ut
987 2297 1160 2372 justificeris
1173 2288 1205 2356 in
1220 2300 1360 2357 sermoni-

153 2399 210 2455 bus
225 2397 295 2470 tuis,
311 2401 342 2454 et
355 2394 468 2468 vincas,
483 2413 550 2451 cum
560 2393 711 2469 judicaris.

216 2494 292 2552 Ecce
316 2492 397 2550 enim
421 2492 454 2548 in
476 2490 686 2567 iniquitatibus
704 2497 860 2567 conceptus
879 2511 963 2550 sum:
984 2493 1061 2551 etin
1078 2493 1205 2569 peccatis
1225 2497 1358 2572 concepit

152 2613 200 2650 me
215 2599 311 2650 mater
324 2610 397 2649 mea.

214 2690 289 2747 Ecce
316 2688 396 2747 enim
421 2686 579 2745 veritatem
608 2686 759 2746 dilexisti:
788 2688 900 2747 incerta
922 2697 953 2747 et
976 2691 1091 2749 occulta
1118 2693 1270 2769 sapientise
1294 2699 1354 2753 tuoe

152 2785 349 2844 manifestasti
363 2784 445 2841 mibi.

212 2885 360 2960 Asperges
380 2902 428 2939 me
446 2882 581 2959 hyssopo,
606 2888 637 2939 et
657 2883 838 2941 mundabor:
867 2884 980 2943 lavabis
1006 2906 1062 2961 me,
1086 2894 1118 2945 et
1139 2907 1227 2964 super·
1253 2890 1352 2948 nivem

152 2979 315 3036 dealbabor.

213 3075 342 3133 Auditui
353 3094 418 3133 meo
427 3074 509 3132 dabis
519 3075 660 3152 gaudium
671 3081 701 3132 et
711 3076 849 3135 laetitiam
860 3098 866 3134 :
880 3084 911 3136 et
921 3078 1101 3137 exultabunt
1111 3100 1175 3138 ossa
1185 3081 1350 3139 humiliata.

213 3173 329 3230 Averte
342 3173 446 3231 faciem
461 3178 545 3229 tuam
555 3193 573 3229 a
586 3174 713 3249 peccatis
726 3175 817 3232 meis:
838 3182 869 3233 et
882 3195 982 3234 omues
995 3176 1171 3253 iniquitates
1184 3198 1265 3236 meas
1280 3179 1351 3236 delo.

214 3272 273 3330 (lor
290 3272 435 3329 mundum
455 3290 521 3329 crea
540 3271 573 3327 in
593 3290 649 3342 me,
668 3272 768 3330 Deus:
788 3279 819 3330 et
833 3273 972 3350 spiritum
986 3280 1106 3332 ⁴rectum
1127 3275 1237 3333 innova
1252 3276 1284 3330 in
1299 3277 1354 3331 vis-

152 3370 269 3429 ceribus
282 3371 363 3428 meis.

215 3466 264 3525 Ne
276 3466 413 3543 projicias
431 3485 479 3524 me
492 3484 510 3522 a
524 3466 597 3524 facie
611 3473 681 3524 tua:
703 3473 734 3524 et
754 3466 892 3544 spiritum
914 3475 1049 3526 sanctum
1071 3477 1158 3526 tuum
1180 3489 1217 3526 no
1239 3469 1355 3525 ausuras

151 3579 170 3616 a
184 3578 240 3618 me.

214 3655 318 3713 Redde
332 3654 407 3712 mihi
420 3653 556 3712 laetitiam
569 3655 707 3714 salutaris
720 3655 786 3713 tui:
808 3663 838 3712 et
851 3655 958 3732 spiritu
973 3656 1128 3734 principali
1143 3658 1282 3714 confirma
1297 3678 1351 3716 me.

214 3753 333 3811 Docebo
346 3752 464 3828 iniquos
477 3751 541 3810 vias
555 3756 622 3810 tuas
632 3773 641 3825 3
661 3759 692 3810 et
704 3750 789 3829 impii
803 3753 840 3809 ad
854 3758 885 3809 te
898 3759 1117 3811 convertentur,

214 3850 323 3907 Libera
344 3869 391 3906 me
413 3849 450 3906 de
473 3850 676 3925 sanguinibus,
698 3849 780 3906 Deus
804 3849 887 3907 Deus
908 3849 1012 3908 salutis
1034 3871 1123 3908 meae:
1153 3858 1183 3908 et
1205 3850 1354 3908 exultabit

149 3947 255 4023 lingua
268 3965 334 4003 mea
344 3945 495 4021 justitiam
509 3951 600 4003 tuam

213 4042 351 4112 Domine,
366 4041 444 4098 labia
458 4060 524 4098 mea
537 4041 658 4117 aperies,
673 4047 703 4099 et
717 4060 749 4098 os
763 4060 862 4098 meum
876 4041 1067 4098 annuntiabit
1080 4042 1198 4100 laudem
1211 4048 1303 4100 tuam.

213 4140 363 4211 Quoniam
382 4139 409 4196 si
427 4138 570 4197 voluisses
590 4139 773 4209 sacrificium,
789 4137 933 4195 dedissem
954 4138 1073 4214 utique:
1096 4139 1275 4198 holocaustis
1294 4159 1354 4197 nou

149 4237 350 4297 delectaberis.

212 4336 395 4396 Sacrificium
409 4334 475 4393 Deo
488 4334 610 4411 spiritus
624 4331 858 4394 contribulatus:
881 4352 931 4391 cor
940 4335 1102 4393 contritum
1113 4341 1144 4393 et
1154 4333 1355 4403 humiliatum,

149 4434 243 4507 Deus,
257 4451 319 4491 nou
333 4430 483 4509 despicies.
