3022 4966
480 328 796 398 DeeooctoMorio
809 327 1024 414 Mapdaieon
1289 328 1353 398 207

149 517 273 595 piscium
292 516 499 595 congreganti:
529 535 619 593 quem
635 534 702 573 oum
715 512 840 591 implete
852 518 929 572 esset
942 512 1098 571 educentes
1116 516 1148 570 et
1165 531 1248 570 secus
1268 511 1354 570 littus

146 613 282 673 sedentes
295 613 449 690 elegerunt
461 613 554 670 bonos
568 612 601 668 in
614 630 685 669 vese
697 630 759 682 sus,
773 609 868 668 melos
880 615 981 668 eutem
995 608 1073 668 fores
1087 608 1240 666 miserunt

154 709 184 770 V.
208 710 310 789 Specie
322 716 378 768 tue
392 716 423 768 et
435 709 660 787 pulchritudine
674 715 736 766 tue.

211 807 350 865 Intende.

214 903 322 964 Oratio.
366 904 458 977 Deus,
472 903 526 980 qui
539 902 656 962 beetam
670 901 722 982 (ut
735 900 770 960 in
782 899 903 961 Mieeadi
915 901 950 979 iot
963 900 1040 978 die).

596 1134 646 1192 Dr
666 1148 781 1192 smum
800 1133 905 1192 Auru

212 1230 394 1308 Antiphone.

213 1327 316 1386 Simile
349 1333 395 1387 eet
428 1348 552 1407 regnum
579 1328 717 1387 eaelorum
743 1326 860 1385 homini
886 1327 1065 1405 negotiatori
1091 1326 1239 1403 querenti
1265 1327 1357 1387 bones

151 1424 333 1502 margarites
376 1424 506 1484 Inventa
520 1445 581 1483 une
593 1426 730 1503 pretiose,
744 1425 828 1482 dedit
840 1425 941 1494 omnis
953 1444 1008 1483 sue
1021 1429 1052 1482 et
1065 1425 1248 1501 comparavit
1262 1444 1335 1483 cem.

156 1522 187 1581 V.
209 1521 379 1599 Adjuvebit
392 1541 458 1580 eem
472 1523 620 1581 Dominus
633 1521 723 1580 vultu
736 1541 790 1603 suo
804 1543 810 1580 :

212 1620 295 1679 Deus
308 1621 342 1678 in
354 1621 452 1680 medio
467 1622 549 1698 ejus:
569 1641 632 1679 non
644 1620 887 1680 commovebitur.

214 1715 322 1777 Oratio.
367 1718 459 1792 Deus,
475 1719 527 1795 qui
540 1719 658 1777 beatem
671 1718 795 1775 Annam
809 1716 861 1794 (ut
874 1716 909 1774 io
923 1716 1043 1776 Mieeoli
1057 1715 1089 1775 in
1104 1716 1176 1795 die).

485 1962 536 2020 Dn
556 1978 671 2021 smum
691 1962 805 2020 Meum
825 1962 1036 2021 Mnonmme.

214 2061 324 2138 Antip]
390 2103 396 2118 .

216 2157 328 2215 Fidelis
348 2175 444 2215 sermo
464 2161 496 2213 et
515 2155 598 2212 omni
618 2155 786 2231 acceptione
806 2155 922 2232 dignus,
937 2155 1007 2233 quia
1022 2154 1158 2214 Christus
1175 2156 1198 2215 J
1198 2176 1265 2215 esus
1277 2156 1362 2215 venit

155 2255 189 2312 in
200 2253 281 2312 hunc
295 2254 441 2311 mundum
461 2258 628 2329 peccatores
648 2253 744 2311 salvos
758 2252 873 2312 fecere:
893 2259 925 2312 et
943 2253 995 2330 qui
1009 2253 1090 2311 nesci
1106 2254 1246 2332 dignutus
1264 2262 1361 2315 estex

156 2351 256 2409 Meris
268 2351 392 2428 virgine,
407 2350 492 2426 tangi
504 2368 566 2407 non
579 2349 756 2428 dedignatus
776 2355 822 2408 est
842 2351 878 2408 de
898 2350 997 2409 Meris
1016 2352 1183 2428 peceatrice
1224 2353 1299 2411 Haec
1317 2358 1363 2412 est

156 2446 210 2505 ille
223 2446 323 2504 Meris
336 2445 384 2504 oui
398 2446 519 2504 dimisse
532 2449 745 2524 sunt‘peocete
767 2446 871 2518 multe,
886 2446 958 2523 quie
979 2446 1086 2505 dilexit
1106 2447 1244 2506 multum.
1287 2450 1363 2508 Haec

157 2551 203 2604 est
215 2543 269 2602 illa
282 2543 388 2617 Meris,
404 2562 470 2619 quae
484 2547 686 2618 resurgentem
706 2562 725 2600 s
737 2542 864 2601 mortuis
881 2542 979 2620 prime
992 2544 1126 2602 omnium
1139 2543 1240 2603 videre
1254 2546 1364 2604 meruit

159 2641 324 2700 Dominum
346 2646 483 2699 nostrum
502 2638 525 2697 J
526 2659 609 2697 esum
635 2639 797 2714 Christum,
818 2659 907 2717 quem
927 2659 981 2717 pro
1001 2641 1110 2700 nostris
1129 2641 1262 2701 reatibus
1289 2649 1362 2717 oret,

155 2757 335 2816 quesumus,
350 2737 384 2795 in
397 2743 550 2796 aeternum.

163 2833 194 2895 7.
217 2834 349 2893 Dimisso
362 2839 433 2892 sunt
446 2833 475 2891 ci
487 2838 607 2909 peccate
620 2832 731 2891 multa:

219 2931 368 3002 Quoniam
381 2930 489 2990 dilexit
502 2930 641 2988 multum.
760 2939 765 2949 “

221 3027 331 3090 Oratio.
373 3028 496 3107 Largire
508 3027 594 3086 nobie
607 3026 659 3106 (ut
671 3027 707 3086 in
719 3026 840 3088 Mieeoli
851 3027 886 3088 in
900 3027 973 3107 die).
