2962 4928
424 307 769 376 Mcaualeadusum
782 307 921 377 Sarum.
1193 304 1275 370 101·

68 492 192 550 quaque
212 473 323 532 diversi
335 473 450 550 generis
470 480 645 533 ornamenta
657 474 697 532 ad
709 474 825 532 cultum
842 479 873 532 et
886 473 1021 533 decorem
1040 467 1225 530 tabernaculi
1244 474 1277 529 et

67 554 170 612 alteris
183 555 230 612 tui
245 553 308 612 fieri
321 554 498 612 decrevisti:
521 555 630 613 exaudi
644 555 789 632 propitius
802 573 902 631 preces
915 559 1040 626 nostras,
1056 557 1087 611 et
1100 549 1201 610 omnia
1212 548 1275 610 hero

67 633 252 692 diversarum
275 634 438 711 specierum
458 640 632 693 ornamenta
653 635 685 692 in
708 654 795 692 usum
816 634 942 692 basilicas
962 639 1023 691 tuae
1042 632 1091 691 vel
1109 630 1222 704 altaris,
1236 628 1275 688 ad

66 713 209 772 honorem
223 722 253 773 et
266 714 392 792 gloriam
404 721 489 772 tuam
508 721 682 792 praeparsta‚
697 713 909 794 purifflficare,
924 710 1153 793 beneffldicere,
1168 710 1276 769 sancti·

66 791 199 874 ›Isfioare
225 802 316 872 atque
339 792 555 875 consefflcrare
588 795 737 872 digneris:
771 802 807 853 ut
833 793 944 852 divinis
970 793 1100 852 cultibus
1127 791 1275 869 sacrisque

67 876 217 951 mysteriis
239 880 311 952 apta
331 881 362 933 et
385 875 540 934 benedicta
562 877 703 950 existant,
725 882 815 952 atque
844 873 1074 933 confectionibus
1095 871 1224 950 eorporis
1243 874 1276 929 et

66 955 218 1032 sanguinis
232 955 356 1014 Domini
369 956 465 1014 nostri
478 956 500 1015 J
501 975 552 1015 ssu
567 956 680 1014 Christi
700 955 797 1034 dignis
816 960 941 1033 pareant
960 953 1160 1014 famulatibus
1214 949 1275 1022 Qui

68 1041 176 1094 tecum.
1256 1071 1258 1074 -

127 1117 168 1176 Et
181 1104 377 1194 aspergantur
389 1137 470 1193 aqua
484 1117 639 1177 benedicta.

481 1323 675 1383 Bmanrcrro
695 1339 863 1383 mesonma

127 1455 324 1532 Adjutorium
337 1461 483 1528 nostrum,
496 1462 524 1513 et
536 1461 636 1514 cetera.

128 1535 261 1594 Oremus
312 1534 423 1595 Oratio.

128 1615 304 1690 Descendst,
316 1615 454 1688 Domine,
465 1615 563 1674 virtus
571 1613 701 1692 Spiritus
712 1613 815 1672 Sancti
822 1632 911 1690 super
919 1612 1000 1672 hunc
1012 1612 1130 1682 librum,
1141 1612 1274 1690 quicum

65 1696 237 1755 mundando
250 1695 388 1774 purificet
398 1702 429 1755 et
442 1695 598 1754 benedicat
608 1700 697 1772 atque
710 1693 884 1769 sanctificet,
894 1699 924 1752 et
938 1693 1072 1752 omnium
1081 1693 1114 1750 in
1127 1711 1162 1751 eo
1175 1692 1273 1770 legen—

65 1777 143 1835 tium
163 1777 324 1836 clementer
344 1775 431 1835 corda
461 1774 621 1846 illuminet,
643 1781 674 1833 st
694 1793 800 1834 verum
819 1773 1006 1833 intellectum
1025 1773 1149 1846 tribnat,
1170 1771 1221 1831 sed
1241 1776 1274 1832 et

65 1857 259 1934 intelligendo
279 1865 333 1915 tua
352 1861 499 1934 praecepta
518 1874 691 1933 conservare
711 1861 742 1913 et
760 1854 884 1931 implere
904 1853 1065 1913 mundum
1086 1852 1273 1911 voluntatem

66 1944 151 1995 tuam
164 1937 250 1995 bonis
263 1937 401 2013 operibus
414 1935 562 1994 conceda.
606 1935 666 1993 Per
679 1934 851 1994 Dominum.

127 2017 168 2075 Er
182 2025 377 2093 aspergantur
389 2035 470 2092 aqua
484 2015 638 2075 bruslum.

495 2212 686 2288 Barsnrcrro
709 2245 887 2289 rncmsnar.

127 2356 333 2433 Adjutorium,
347 2364 373 2416 et
387 2365 486 2416 cetera
529 2356 662 2417 Oramus.
706 2358 817 2420 Oratio.

127 2437 256 2496 Domine
271 2437 362 2508 Deus,
373 2437 427 2514 qui
439 2437 512 2497 dnm
525 2436 601 2497 filios
614 2437 708 2498 Israel
721 2441 754 2498 in
767 2441 883 2499 deserto
896 2443 1115 2498 murmurantes
1129 2436 1167 2494 ob
1176 2435 1269 2496 rebel·

65 2519 124 2578 lem
138 2537 223 2577 suam
240 2516 395 2576 audaciam
407 2517 517 2576 durum
531 2523 662 2578 vastaret
679 2520 857 2594 incendium,
873 2522 978 2578 Aaron
991 2518 1172 2578 secerdotum
1184 2523 1272 2576 tuum

64 2619 99 2659 ac
112 2599 225 2677 repleto
233 2597 301 2676 igne
315 2597 418 2656 altaris
427 2597 583 2657 thuribulo
592 2599 651 2658 tibi
662 2601 816 2660 incensum
826 2607 985 2678 ponentem
998 2598 1147 2673 exaudire,
1162 2617 1270 2676 eosque

64 2681 101 2739 de
110 2679 247 2738 incendio
255 2678 380 2737 liberare
388 2679 527 2756 dignatus
535 2699 584 2753 es;
605 2679 783 2762 beneffldic,
796 2701 972 2760 quoesumus,
982 2679 1120 2753 Domine,
1132 2679 1270 2737 thuribu-

65 2761 128 2819 lum
146 2760 211 2833 hoc,
226 2766 257 2817 et
277 2765 392 2836 praesta,
408 2767 444 2817 ut
463 2760 579 2837 quoties
598 2761 631 2818 in
645 2781 679 2820 co
697 2763 769 2822 thus
788 2762 965 2837 adolebitur,
978 2767 1083 2820 votum
1102 2759 1206 2838 populi
1225 2759 1272 2819 tui

66 2841 136 2900 boni
150 2841 249 2900 odoris
262 2839 377 2900 efficias.
420 2840 480 2898 Per
492 2840 664 2901 Dominum.

496 3048 687 3112 Brrmrcno
711 3069 839 3114 rrcmsa

125 3178 330 3254 Adjutorium,
346 3186 372 3238 et
385 3187 483 3239 cetera.
528 3181 662 3240 Oramus.
706 3182 818 3244 Orata

128 3257 256 3316 Domine
267 3259 350 3317 Deus
360 3261 556 3338 omnipotens,
566 3263 615 3320 cui
628 3268 707 3321 astat
717 3265 865 3323 exercitus
873 3264 1044 3342 angelorum
1055 3282 1123 3323 cum
1132 3268 1269 3335 tremore,

65 3358 191 3416 quorum
205 3340 360 3398 servitium
378 3341 532 3418 spirituale
552 3348 583 3400 et
603 3343 722 3420 igneum
736 3363 798 3403 esse
818 3345 1023 3420 cognoscitur;
1042 3343 1164 3421 dignare
1184 3343 1273 3419 respi-

65 3438 138 3491 cere,
154 3418 365 3499 bene>1<dicere
385 3428 416 3479 et
435 3420 659 3502 sanctifflficare
679 3423 756 3482 banc
776 3431 942 3483 creaturam
962 3422 1096 3496 incensi3
1114 3429 1151 3480 ut
1170 3440 1272 3482 omnes

64 3499 220 3577 languores
234 3508 406 3578 cunctaeque
419 3501 534 3560 insidiae
548 3503 663 3561 inimici
682 3503 803 3563 odorem
822 3504 887 3579 ejus
899 3503 1060 3562 sentientes
1073 3501 1225 3579 effugiant,
1240 3507 1272 3562 et

64 3589 238 3657 separentur
251 3601 269 3640 a
282 3582 425 3659 plasmate
439 3588 492 3640 tuo
505 3583 584 3660 quod
598 3583 727 3660 pretioso
739 3585 882 3663 sanguine
896 3582 1271 3659 monstratumque

64 3660 211 3720 laedantur
224 3681 242 3720 a
255 3682 355 3722 morsu
369 3663 488 3739 antiqui
501 3664 654 3741 serpentia
698 3665 757 3724 Per
767 3664 932 3724 Dominum
944 3669 1087 3724 nostrum.

464 3869 658 3930 Baranrcrro
679 3885 873 3930 corrosum.

127 4000 322 4076 Adjutorium
335 3995 472 4058 nostrum
485 4001 519 4059 in
532 4001 652 4060 nomine
666 3999 798 4061 Domini.

169 4081 230 4149 Qui
243 4081 313 4138 fecit
326 4082 432 4139 calum
445 4086 477 4139 et
489 4087 608 4141 terram.

128 4160 262 4217 Oramus.
305 4159 415 4219 Oratio.

128 4238 364 4298 Clementissime
391 4238 482 4310 Deus,
510 4241 595 4317 cujus
621 4240 788 4300 inerrabilis
814 4246 859 4298 est
885 4239 992 4313 virtus,
1017 4241 1101 4318 cujus
1132 4238 1274 4317 mysteria

65 4339 173 4379 arcana
193 4319 343 4377 miraculis
363 4318 550 4379 celebrantur
560 4340 569 4393 ;
589 4320 689 4380 tribue
709 4340 885 4398 quaesumus,
900 4327 936 4379 ut
955 4322 1012 4379 hoc
1031 4321 1193 4380 linteamen
1212 4327 1273 4380 turs

66 4399 288 4479 propitiationis
307 4399 738 4477 benedictionescnctificetur,
754 4407 785 4460 et
798 4401 836 4460 ad
849 4401 1078 4461 consecrandum
1096 4421 1185 4480 super
1198 4400 1274 4461 illud
