<?xml version="1.0" encoding="UTF-8"?>
<!DOCTYPE html PUBLIC "-//W3C//DTD XHTML 1.0 Transitional//EN"
    "http://www.w3.org/TR/xhtml1/DTD/xhtml1-transitional.dtd">
<html xmlns="http://www.w3.org/1999/xhtml" xml:lang="en" lang="en">
 <head>
  <title>
</title>
<meta http-equiv="Content-Type" content="text/html;charset=utf-8" />
  <meta name='ocr-system' content='tesseract 3.04.00' />
  <meta name='ocr-capabilities' content='ocr_page ocr_carea ocr_par ocr_line ocrx_word'/>
</head>
<body>
  <div class='ocr_page' id='page_1' title='image "./manualeetproces00minsgoog_0081.png"; bbox 0 0 3022 4966; ppageno 0'>
   <div class='ocr_carea' id='block_1_1' title="bbox 247 279 1161 368">
    <p class='ocr_par' dir='ltr' id='par_1_1' title="bbox 247 279 1161 368">
     <span class='ocr_line' id='line_1_1' title="bbox 247 279 1161 368; baseline -0.004 -19"><span class='ocrx_word' id='word_1_1' title='bbox 247 286 289 349; x_wconf 73' lang='grc'><strong>48</strong></span> <span class='ocrx_word' id='word_1_2' title='bbox 540 279 629 348; x_wconf 81' lang='lat' dir='ltr'><strong>Ordo</strong></span> <span class='ocrx_word' id='word_1_3' title='bbox 651 281 699 348; x_wconf 90' lang='lat' dir='ltr'><strong>ad</strong></span> <span class='ocrx_word' id='word_1_4' title='bbox 723 279 943 348; x_wconf 80' lang='lat' dir='ltr'><strong>Vieitandam</strong></span> <span class='ocrx_word' id='word_1_5' title='bbox 964 279 1161 368; x_wconf 77' lang='lat' dir='ltr'><strong>Infirmam.</strong></span> 
     </span>
    </p>
   </div>
   <div class='ocr_carea' id='block_1_2' title="bbox 234 463 1459 4394">
    <p class='ocr_par' dir='ltr' id='par_1_2' title="bbox 242 463 1459 1991">
     <span class='ocr_line' id='line_1_2' title="bbox 246 463 1458 541; baseline 0.003 -18"><span class='ocrx_word' id='word_1_6' title='bbox 246 463 307 523; x_wconf 89' lang='lat' dir='ltr'><strong>tuis</strong></span> <span class='ocrx_word' id='word_1_7' title='bbox 322 463 369 522; x_wconf 92' lang='lat' dir='ltr'><strong>vel</strong></span> <span class='ocrx_word' id='word_1_8' title='bbox 379 464 602 522; x_wconf 75' lang='lat' dir='ltr'>exsecutoribus</span> <span class='ocrx_word' id='word_1_9' title='bbox 612 463 673 522; x_wconf 87' lang='lat' dir='ltr'><strong>tuis</strong></span> <span class='ocrx_word' id='word_1_10' title='bbox 686 463 782 541; x_wconf 90' lang='lat' dir='ltr'><strong>ipsam</strong></span> <span class='ocrx_word' id='word_1_11' title='bbox 794 463 891 522; x_wconf 82' lang='lat' dir='ltr'><strong>iacere</strong></span> <span class='ocrx_word' id='word_1_12' title='bbox 904 481 943 520; x_wconf 85' lang='lat' dir='ltr'><strong>cx</strong></span> <span class='ocrx_word' id='word_1_13' title='bbox 956 469 1040 540; x_wconf 82' lang='lat' dir='ltr'><strong>parte</strong></span> <span class='ocrx_word' id='word_1_14' title='bbox 1050 468 1104 521; x_wconf 86' lang='lat' dir='ltr'><strong>tua</strong></span> <span class='ocrx_word' id='word_1_15' title='bbox 1117 482 1170 540; x_wconf 90' lang='lat' dir='ltr'><strong>pro</strong></span> <span class='ocrx_word' id='word_1_16' title='bbox 1184 463 1247 540; x_wconf 83' lang='lat' dir='ltr'><strong>ipsa</strong></span> <span class='ocrx_word' id='word_1_17' title='bbox 1260 465 1458 541; x_wconf 82' lang='lat' dir='ltr'><strong>paenitentia:</strong></span> 
     </span>
     <span class='ocr_line' id='line_1_3' title="bbox 245 558 1459 640; baseline 0.002 -21"><span class='ocrx_word' id='word_1_18' title='bbox 245 561 435 636; x_wconf 69' lang='lat' dir='ltr'><strong>designando</strong></span> <span class='ocrx_word' id='word_1_19' title='bbox 448 561 548 636; x_wconf 85' lang='lat' dir='ltr'><strong>ipsam</strong></span> <span class='ocrx_word' id='word_1_20' title='bbox 559 560 765 636; x_wconf 72' lang='lat' dir='ltr'><strong>eleoaosynam</strong></span> <span class='ocrx_word' id='word_1_21' title='bbox 777 560 813 619; x_wconf 80' lang='lat' dir='ltr'><strong>ia</strong></span> <span class='ocrx_word' id='word_1_22' title='bbox 825 558 951 637; x_wconf 85' lang='lat' dir='ltr'><strong>speciali.</strong></span> <span class='ocrx_word' id='word_1_23' title='bbox 995 559 1029 617; x_wconf 85' lang='lat' dir='ltr'><strong>Si</strong></span> <span class='ocrx_word' id='word_1_24' title='bbox 1042 567 1143 617; x_wconf 85' lang='lat' dir='ltr'><strong>autem</strong></span> <span class='ocrx_word' id='word_1_25' title='bbox 1156 560 1351 634; x_wconf 72' lang='lat' dir='ltr'><strong>convalueris</strong></span> <span class='ocrx_word' id='word_1_26' title='bbox 1367 564 1459 640; x_wconf 84' lang='lat' dir='ltr'><strong>paeni-</strong></span> 
     </span>
     <span class='ocr_line' id='line_1_4' title="bbox 245 655 1457 734; baseline 0.003 -17"><span class='ocrx_word' id='word_1_27' title='bbox 245 658 372 717; x_wconf 84' lang='lat' dir='ltr'><strong>tentiam</strong></span> <span class='ocrx_word' id='word_1_28' title='bbox 396 676 487 733; x_wconf 84' lang='lat' dir='ltr'><strong>quam</strong></span> <span class='ocrx_word' id='word_1_29' title='bbox 506 658 565 715; x_wconf 87' lang='lat' dir='ltr'><strong>tibi</strong></span> <span class='ocrx_word' id='word_1_30' title='bbox 584 657 736 715; x_wconf 86' lang='lat' dir='ltr'><strong>notificavi</strong></span> <span class='ocrx_word' id='word_1_31' title='bbox 753 656 923 734; x_wconf 87' lang='lat' dir='ltr'><strong>adimpleas,</strong></span> <span class='ocrx_word' id='word_1_32' title='bbox 943 655 1122 715; x_wconf 77' lang='lat' dir='ltr'><strong>volitorum</strong></span> <span class='ocrx_word' id='word_1_33' title='bbox 1142 656 1297 716; x_wconf 77' lang='lat' dir='ltr'><strong>humiliter</strong></span> <span class='ocrx_word' id='word_1_34' title='bbox 1317 659 1355 718; x_wconf 89' lang='lat' dir='ltr'><strong>de</strong></span> <span class='ocrx_word' id='word_1_35' title='bbox 1376 679 1457 721; x_wconf 83' lang='lat' dir='ltr'><strong>novo</strong></span> 
     </span>
     <span class='ocr_line' id='line_1_5' title="bbox 245 753 1457 833; baseline 0.002 -17"><span class='ocrx_word' id='word_1_36' title='bbox 245 756 347 816; x_wconf 78' lang='lat' dir='ltr'><strong>redeas</strong></span> <span class='ocrx_word' id='word_1_37' title='bbox 360 756 398 813; x_wconf 84' lang='lat' dir='ltr'><strong>ad</strong></span> <span class='ocrx_word' id='word_1_38' title='bbox 413 755 625 813; x_wconf 87' lang='lat' dir='ltr'><strong>confessionem</strong></span> <span class='ocrx_word' id='word_1_39' title='bbox 638 754 687 813; x_wconf 88' lang='lat' dir='ltr'><strong>vol</strong></span> <span class='ocrx_word' id='word_1_40' title='bbox 707 754 782 815; x_wconf 88' lang='lat' dir='ltr'><strong>mihi</strong></span> <span class='ocrx_word' id='word_1_41' title='bbox 801 754 851 813; x_wconf 81' lang='lat' dir='ltr'><strong>vel</strong></span> <span class='ocrx_word' id='word_1_42' title='bbox 863 753 916 813; x_wconf 83' lang='lat' dir='ltr'><strong>alii</strong></span> <span class='ocrx_word' id='word_1_43' title='bbox 928 755 981 833; x_wconf 90' lang='lat' dir='ltr'><strong>qui</strong></span> <span class='ocrx_word' id='word_1_44' title='bbox 1001 755 1059 813; x_wconf 92' lang='lat' dir='ltr'><strong>tibi</strong></span> <span class='ocrx_word' id='word_1_45' title='bbox 1071 756 1265 814; x_wconf 76' lang='lat' dir='ltr'><strong>absolutionis</strong></span> <span class='ocrx_word' id='word_1_46' title='bbox 1278 757 1457 818; x_wconf 86' lang='lat' dir='ltr'><strong>beneficium</strong></span> 
     </span>
     <span class='ocr_line' id='line_1_6' title="bbox 245 850 1457 935; baseline 0.003 -24"><span class='ocrx_word' id='word_1_47' title='bbox 245 854 279 912; x_wconf 92' lang='lat' dir='ltr'><strong>in</strong></span> <span class='ocrx_word' id='word_1_48' title='bbox 291 852 348 910; x_wconf 86' lang='lat' dir='ltr'><strong>hac</strong></span> <span class='ocrx_word' id='word_1_49' title='bbox 360 857 446 928; x_wconf 87' lang='lat' dir='ltr'><strong>parte</strong></span> <span class='ocrx_word' id='word_1_50' title='bbox 456 852 567 927; x_wconf 85' lang='lat' dir='ltr'><strong>dejure</strong></span> <span class='ocrx_word' id='word_1_51' title='bbox 577 852 709 909; x_wconf 87' lang='lat' dir='ltr'><strong>conferre</strong></span> <span class='ocrx_word' id='word_1_52' title='bbox 718 850 856 909; x_wconf 86' lang='lat' dir='ltr'><strong>valeatet</strong></span> <span class='ocrx_word' id='word_1_53' title='bbox 866 850 974 909; x_wconf 83' lang='lat' dir='ltr'><strong>debeat</strong></span> <span class='ocrx_word' id='word_1_54' title='bbox 979 871 989 924; x_wconf 85' lang='lat'>3</span> <span class='ocrx_word' id='word_1_55' title='bbox 1006 858 1037 909; x_wconf 89' lang='lat' dir='ltr'><strong>et</strong></span> <span class='ocrx_word' id='word_1_56' title='bbox 1047 851 1173 910; x_wconf 88' lang='lat' dir='ltr'><strong>concedo</strong></span> <span class='ocrx_word' id='word_1_57' title='bbox 1183 853 1249 925; x_wconf 93' lang='lat' dir='ltr'><strong>tibi,</strong></span> <span class='ocrx_word' id='word_1_58' title='bbox 1261 853 1342 929; x_wconf 89' lang='lat' dir='ltr'><strong>quod</strong></span> <span class='ocrx_word' id='word_1_59' title='bbox 1352 873 1457 935; x_wconf 85' lang='lat' dir='ltr'><strong>omnes</strong></span> 
     </span>
     <span class='ocr_line' id='line_1_7' title="bbox 244 947 1455 1028; baseline 0.001 -19"><span class='ocrx_word' id='word_1_60' title='bbox 244 949 439 1026; x_wconf 75' lang='lat' dir='ltr'><strong>indulgentiae</strong></span> <span class='ocrx_word' id='word_1_61' title='bbox 453 967 696 1024; x_wconf 89' lang='lat' dir='ltr'><strong>quorumcunque</strong></span> <span class='ocrx_word' id='word_1_62' title='bbox 709 947 899 1024; x_wconf 71' lang='lat' dir='ltr'><strong>praelatomm</strong></span> <span class='ocrx_word' id='word_1_63' title='bbox 916 947 975 1005; x_wconf 90' lang='lat' dir='ltr'><strong>tibi</strong></span> <span class='ocrx_word' id='word_1_64' title='bbox 987 967 1129 1006; x_wconf 79' lang='lat' dir='ltr'><strong>concessa</strong></span> <span class='ocrx_word' id='word_1_65' title='bbox 1140 968 1194 1006; x_wconf 85' lang='lat' dir='ltr'><strong>seu</strong></span> <span class='ocrx_word' id='word_1_66' title='bbox 1207 949 1455 1028; x_wconf 82' lang='lat' dir='ltr'><strong>qualitercunque</strong></span> 
     </span>
     <span class='ocr_line' id='line_1_8' title="bbox 244 1044 1454 1124; baseline 0.001 -18"><span class='ocrx_word' id='word_1_67' title='bbox 244 1046 438 1108; x_wconf 73' lang='lat' dir='ltr'><strong>concedende</strong></span> <span class='ocrx_word' id='word_1_68' title='bbox 451 1064 612 1121; x_wconf 88' lang='lat' dir='ltr'><strong>eorumque</strong></span> <span class='ocrx_word' id='word_1_69' title='bbox 632 1044 860 1119; x_wconf 72' lang='lat' dir='ltr'><strong>benedictiones,</strong></span> <span class='ocrx_word' id='word_1_70' title='bbox 876 1063 977 1104; x_wconf 86' lang='lat' dir='ltr'><strong>omnes</strong></span> <span class='ocrx_word' id='word_1_71' title='bbox 996 1064 1081 1122; x_wconf 85' lang='lat' dir='ltr'><strong>aquae</strong></span> <span class='ocrx_word' id='word_1_72' title='bbox 1095 1046 1257 1104; x_wconf 77' lang='lat' dir='ltr'><strong>benedicta</strong></span> <span class='ocrx_word' id='word_1_73' title='bbox 1270 1048 1454 1124; x_wconf 75' lang='lat' dir='ltr'>aspersiones</span> 
     </span>
     <span class='ocr_line' id='line_1_9' title="bbox 245 1140 1455 1220; baseline -0.002 -15"><span class='ocrx_word' id='word_1_74' title='bbox 245 1145 360 1205; x_wconf 74' lang='lat' dir='ltr'><strong>devota</strong></span> <span class='ocrx_word' id='word_1_75' title='bbox 383 1142 511 1220; x_wconf 58' lang='lat' dir='ltr'><strong>motoris</strong></span> <span class='ocrx_word' id='word_1_76' title='bbox 532 1142 587 1213; x_wconf 88' lang='lat' dir='ltr'><strong>tui,</strong></span> <span class='ocrx_word' id='word_1_77' title='bbox 602 1141 756 1200; x_wconf 73' lang='lat' dir='ltr'><strong>tunsiones</strong></span> <span class='ocrx_word' id='word_1_78' title='bbox 773 1140 870 1198; x_wconf 88' lang='lat' dir='ltr'><strong>cordis</strong></span> <span class='ocrx_word' id='word_1_79' title='bbox 890 1141 946 1212; x_wconf 87' lang='lat' dir='ltr'><strong>tui,</strong></span> <span class='ocrx_word' id='word_1_80' title='bbox 967 1140 1169 1214; x_wconf 74' lang='lat' dir='ltr'><strong>contritiones,</strong></span> <span class='ocrx_word' id='word_1_81' title='bbox 1183 1142 1242 1199; x_wconf 88' lang='lat' dir='ltr'><strong>ista</strong></span> <span class='ocrx_word' id='word_1_82' title='bbox 1261 1142 1406 1202; x_wconf 68' lang='lat' dir='ltr'><strong>confusio</strong></span> <span class='ocrx_word' id='word_1_83' title='bbox 1423 1149 1455 1202; x_wconf 82' lang='lat' dir='ltr'><strong>et</strong></span> 
     </span>
     <span class='ocr_line' id='line_1_10' title="bbox 243 1237 1452 1315; baseline -0.002 -14"><span class='ocrx_word' id='word_1_84' title='bbox 243 1260 346 1301; x_wconf 88' lang='lat' dir='ltr'><strong>omnes</strong></span> <span class='ocrx_word' id='word_1_85' title='bbox 368 1240 434 1298; x_wconf 75' lang='lat' dir='ltr'><strong>alim</strong></span> <span class='ocrx_word' id='word_1_86' title='bbox 456 1237 652 1297; x_wconf 81' lang='lat' dir='ltr'><strong>confessiones</strong></span> <span class='ocrx_word' id='word_1_87' title='bbox 672 1244 732 1295; x_wconf 79' lang='lat' dir='ltr'><strong>tuas</strong></span> <span class='ocrx_word' id='word_1_88' title='bbox 756 1237 880 1311; x_wconf 71' lang='lat' dir='ltr'><strong>devotae,</strong></span> <span class='ocrx_word' id='word_1_89' title='bbox 894 1237 994 1295; x_wconf 89' lang='lat' dir='ltr'><strong>omnia</strong></span> <span class='ocrx_word' id='word_1_90' title='bbox 1010 1237 1137 1315; x_wconf 83' lang='lat' dir='ltr'><strong>jejunis,</strong></span> <span class='ocrx_word' id='word_1_91' title='bbox 1158 1239 1357 1311; x_wconf 70' lang='lat' dir='ltr'><strong>abstinentie,</strong></span> <span class='ocrx_word' id='word_1_92' title='bbox 1376 1239 1452 1300; x_wconf 82' lang='lat' dir='ltr'><strong>elee-</strong></span> 
     </span>
     <span class='ocr_line' id='line_1_11' title="bbox 243 1333 1452 1414; baseline 0 -18"><span class='ocrx_word' id='word_1_93' title='bbox 243 1356 382 1414; x_wconf 81' lang='lat' dir='ltr'><strong>mosynoe,</strong></span> <span class='ocrx_word' id='word_1_94' title='bbox 396 1334 516 1413; x_wconf 85' lang='lat' dir='ltr'><strong>vigiliae,</strong></span> <span class='ocrx_word' id='word_1_95' title='bbox 537 1333 709 1411; x_wconf 77' lang='lat' dir='ltr'><strong>discipline,</strong></span> <span class='ocrx_word' id='word_1_96' title='bbox 730 1335 879 1392; x_wconf 87' lang='lat' dir='ltr'><strong>orationes</strong></span> <span class='ocrx_word' id='word_1_97' title='bbox 898 1340 930 1392; x_wconf 88' lang='lat' dir='ltr'><strong>et</strong></span> <span class='ocrx_word' id='word_1_98' title='bbox 949 1333 1200 1411; x_wconf 72' lang='lat' dir='ltr'><strong>peregrinationes</strong></span> <span class='ocrx_word' id='word_1_99' title='bbox 1220 1341 1252 1393; x_wconf 89' lang='lat' dir='ltr'><strong>et</strong></span> <span class='ocrx_word' id='word_1_100' title='bbox 1271 1335 1374 1394; x_wconf 83' lang='lat' dir='ltr'><strong>omnia</strong></span> <span class='ocrx_word' id='word_1_101' title='bbox 1392 1336 1452 1396; x_wconf 76' lang='lat' dir='ltr'><strong>alia</strong></span> 
     </span>
     <span class='ocr_line' id='line_1_12' title="bbox 242 1431 1452 1512; baseline 0.001 -18"><span class='ocrx_word' id='word_1_102' title='bbox 242 1435 321 1494; x_wconf 91' lang='lat' dir='ltr'><strong>bona</strong></span> <span class='ocrx_word' id='word_1_103' title='bbox 341 1454 407 1511; x_wconf 85' lang='lat' dir='ltr'><strong>quse</strong></span> <span class='ocrx_word' id='word_1_104' title='bbox 426 1433 524 1491; x_wconf 88' lang='lat' dir='ltr'><strong>fecisti</strong></span> <span class='ocrx_word' id='word_1_105' title='bbox 544 1431 593 1490; x_wconf 90' lang='lat' dir='ltr'><strong>vel</strong></span> <span class='ocrx_word' id='word_1_106' title='bbox 611 1431 709 1503; x_wconf 86' lang='lat' dir='ltr'><strong>facies,</strong></span> <span class='ocrx_word' id='word_1_107' title='bbox 730 1438 762 1490; x_wconf 92' lang='lat' dir='ltr'><strong>et</strong></span> <span class='ocrx_word' id='word_1_108' title='bbox 781 1432 881 1489; x_wconf 91' lang='lat' dir='ltr'><strong>omnia</strong></span> <span class='ocrx_word' id='word_1_109' title='bbox 904 1431 983 1490; x_wconf 84' lang='lat' dir='ltr'><strong>mala</strong></span> <span class='ocrx_word' id='word_1_110' title='bbox 1006 1451 1071 1508; x_wconf 82' lang='lat' dir='ltr'><strong>quas</strong></span> <span class='ocrx_word' id='word_1_111' title='bbox 1096 1451 1149 1509; x_wconf 90' lang='lat' dir='ltr'><strong>pro</strong></span> <span class='ocrx_word' id='word_1_112' title='bbox 1173 1431 1239 1490; x_wconf 91' lang='lat' dir='ltr'><strong>Deo</strong></span> <span class='ocrx_word' id='word_1_113' title='bbox 1257 1432 1322 1492; x_wconf 82' lang='lat' dir='ltr'><strong>sive</strong></span> <span class='ocrx_word' id='word_1_114' title='bbox 1340 1434 1452 1512; x_wconf 80' lang='lat' dir='ltr'><strong>injuste</strong></span> 
     </span>
     <span class='ocr_line' id='line_1_13' title="bbox 243 1527 1453 1601; baseline 0 -10"><span class='ocrx_word' id='word_1_115' title='bbox 243 1531 414 1591; x_wconf 85' lang='lat' dir='ltr'><strong>sustinuisti</strong></span> <span class='ocrx_word' id='word_1_116' title='bbox 429 1530 477 1588; x_wconf 81' lang='lat' dir='ltr'><strong>rel</strong></span> <span class='ocrx_word' id='word_1_117' title='bbox 498 1529 667 1601; x_wconf 85' lang='lat' dir='ltr'><strong>sustinebis,</strong></span> <span class='ocrx_word' id='word_1_118' title='bbox 683 1527 785 1587; x_wconf 82' lang='lat' dir='ltr'><strong>Passio</strong></span> <span class='ocrx_word' id='word_1_119' title='bbox 806 1528 968 1586; x_wconf 83' lang='lat' dir='ltr'><strong>Salvatoris</strong></span> <span class='ocrx_word' id='word_1_120' title='bbox 987 1528 1111 1587; x_wconf 89' lang='lat' dir='ltr'><strong>Domini</strong></span> <span class='ocrx_word' id='word_1_121' title='bbox 1131 1530 1227 1587; x_wconf 89' lang='lat' dir='ltr'><strong>nostri</strong></span> <span class='ocrx_word' id='word_1_122' title='bbox 1242 1529 1318 1588; x_wconf 85' lang='lat' dir='ltr'><strong>Jssu</strong></span> <span class='ocrx_word' id='word_1_123' title='bbox 1339 1531 1453 1591; x_wconf 79' lang='lat' dir='ltr'><strong>Christi</strong></span> 
     </span>
     <span class='ocr_line' id='line_1_14' title="bbox 242 1625 1451 1704; baseline 0.002 -18"><span class='ocrx_word' id='word_1_124' title='bbox 242 1629 408 1704; x_wconf 87' lang='lat' dir='ltr'><strong>meritaque</strong></span> <span class='ocrx_word' id='word_1_125' title='bbox 434 1629 527 1684; x_wconf 82' lang='lat' dir='ltr'><strong>beatoe</strong></span> <span class='ocrx_word' id='word_1_126' title='bbox 554 1633 586 1684; x_wconf 88' lang='lat' dir='ltr'><strong>et</strong></span> <span class='ocrx_word' id='word_1_127' title='bbox 612 1625 745 1702; x_wconf 86' lang='lat' dir='ltr'><strong>gloriosse</strong></span> <span class='ocrx_word' id='word_1_128' title='bbox 769 1625 907 1703; x_wconf 80' lang='lat' dir='ltr'><strong>Virginis</strong></span> <span class='ocrx_word' id='word_1_129' title='bbox 935 1625 1041 1683; x_wconf 77' lang='lat' dir='ltr'><strong>Mariae</strong></span> <span class='ocrx_word' id='word_1_130' title='bbox 1064 1631 1096 1685; x_wconf 92' lang='lat' dir='ltr'><strong>et</strong></span> <span class='ocrx_word' id='word_1_131' title='bbox 1119 1626 1253 1684; x_wconf 91' lang='lat' dir='ltr'><strong>omnium</strong></span> <span class='ocrx_word' id='word_1_132' title='bbox 1280 1634 1451 1688; x_wconf 87' lang='lat' dir='ltr'><strong>sanctornm</strong></span> 
     </span>
     <span class='ocr_line' id='line_1_15' title="bbox 242 1721 1451 1798; baseline 0.001 -15"><span class='ocrx_word' id='word_1_133' title='bbox 242 1724 379 1796; x_wconf 78' lang='lat' dir='ltr'><strong>aliorum,</strong></span> <span class='ocrx_word' id='word_1_134' title='bbox 393 1741 509 1781; x_wconf 84' lang='lat' dir='ltr'><strong>necnon</strong></span> <span class='ocrx_word' id='word_1_135' title='bbox 523 1721 662 1798; x_wconf 80' lang='lat' dir='ltr'><strong>suffragia</strong></span> <span class='ocrx_word' id='word_1_136' title='bbox 674 1722 770 1780; x_wconf 90' lang='lat' dir='ltr'><strong>totius</strong></span> <span class='ocrx_word' id='word_1_137' title='bbox 784 1721 922 1780; x_wconf 73' lang='lat' dir='ltr'><strong>Ecclesiae</strong></span> <span class='ocrx_word' id='word_1_138' title='bbox 935 1728 1044 1780; x_wconf 75' lang='lat' dir='ltr'><strong>sanctes</strong></span> <span class='ocrx_word' id='word_1_139' title='bbox 1055 1721 1214 1780; x_wconf 75' lang='lat' dir='ltr'><strong>Catholicae</strong></span> <span class='ocrx_word' id='word_1_140' title='bbox 1227 1722 1335 1782; x_wconf 88' lang='lat' dir='ltr'><strong>cedant</strong></span> <span class='ocrx_word' id='word_1_141' title='bbox 1348 1725 1406 1783; x_wconf 91' lang='lat' dir='ltr'><strong>tibi</strong></span> <span class='ocrx_word' id='word_1_142' title='bbox 1419 1727 1451 1784; x_wconf 91' lang='lat' dir='ltr'><strong>in</strong></span> 
     </span>
     <span class='ocr_line' id='line_1_16' title="bbox 242 1818 1451 1897; baseline 0.001 -18"><span class='ocrx_word' id='word_1_143' title='bbox 242 1820 446 1879; x_wconf 84' lang='lat' dir='ltr'><strong>remissionem</strong></span> <span class='ocrx_word' id='word_1_144' title='bbox 461 1819 586 1876; x_wconf 86' lang='lat' dir='ltr'><strong>istorum</strong></span> <span class='ocrx_word' id='word_1_145' title='bbox 601 1824 631 1876; x_wconf 94' lang='lat' dir='ltr'><strong>et</strong></span> <span class='ocrx_word' id='word_1_146' title='bbox 645 1819 779 1876; x_wconf 92' lang='lat' dir='ltr'><strong>omnium</strong></span> <span class='ocrx_word' id='word_1_147' title='bbox 792 1818 918 1877; x_wconf 87' lang='lat' dir='ltr'><strong>aliorum</strong></span> <span class='ocrx_word' id='word_1_148' title='bbox 931 1823 1117 1894; x_wconf 83' lang='lat' dir='ltr'><strong>peccatorum</strong></span> <span class='ocrx_word' id='word_1_149' title='bbox 1130 1825 1253 1876; x_wconf 91' lang='lat' dir='ltr'><strong>tuorum</strong></span> <span class='ocrx_word' id='word_1_150' title='bbox 1266 1818 1300 1876; x_wconf 92' lang='lat' dir='ltr'><strong>in</strong></span> <span class='ocrx_word' id='word_1_151' title='bbox 1312 1839 1451 1897; x_wconf 86' lang='lat' dir='ltr'><strong>augmen·</strong></span> 
     </span>
     <span class='ocr_line' id='line_1_17' title="bbox 242 1914 1419 1991; baseline -0.001 -15"><span class='ocrx_word' id='word_1_152' title='bbox 242 1917 387 1976; x_wconf 84' lang='lat' dir='ltr'><strong>tationem</strong></span> <span class='ocrx_word' id='word_1_153' title='bbox 401 1914 576 1972; x_wconf 88' lang='lat' dir='ltr'><strong>meritorum</strong></span> <span class='ocrx_word' id='word_1_154' title='bbox 590 1921 620 1972; x_wconf 92' lang='lat' dir='ltr'><strong>et</strong></span> <span class='ocrx_word' id='word_1_155' title='bbox 633 1915 870 1973; x_wconf 86' lang='lat' dir='ltr'><strong>consecutionem</strong></span> <span class='ocrx_word' id='word_1_156' title='bbox 884 1915 1071 1991; x_wconf 76' lang='lat' dir='ltr'><strong>premiorum</strong></span> <span class='ocrx_word' id='word_1_157' title='bbox 1087 1920 1273 1973; x_wconf 74' lang='lat' dir='ltr'><strong>eternorum·</strong></span> <span class='ocrx_word' id='word_1_158' title='bbox 1309 1918 1419 1976; x_wconf 84' lang='lat' dir='ltr'><strong>Amen.</strong></span> 
     </span>
    </p>

    <p class='ocr_par' dir='ltr' id='par_1_3' title="bbox 304 1998 851 2071">
     <span class='ocr_line' id='line_1_18' title="bbox 304 1998 851 2071; baseline -0.005 0"><span class='ocrx_word' id='word_1_159' title='bbox 304 2012 419 2071; x_wconf 80' lang='lat' dir='ltr'><strong>Deinde</strong></span> <span class='ocrx_word' id='word_1_160' title='bbox 432 2010 512 2068; x_wconf 75' lang='lat' dir='ltr'><strong>dicat</strong></span> <span class='ocrx_word' id='word_1_161' title='bbox 526 2009 666 2069; x_wconf 82' lang='lat' dir='ltr'><strong>Sacerdos</strong></span> <span class='ocrx_word' id='word_1_162' title='bbox 679 1998 731 2070; x_wconf 72' lang='lat' dir='ltr'><strong>laec</strong></span> <span class='ocrx_word' id='word_1_163' title='bbox 744 2011 851 2069; x_wconf 86' lang='lat' dir='ltr'><strong>modo:</strong></span> 
     </span>
    </p>

    <p class='ocr_par' dir='ltr' id='par_1_4' title="bbox 239 2107 1448 2384">
     <span class='ocr_line' id='line_1_19' title="bbox 302 2107 1445 2186; baseline 0.001 -17"><span class='ocrx_word' id='word_1_164' title='bbox 302 2110 483 2169; x_wconf 88' lang='lat' dir='ltr'><strong>Misereatur</strong></span> <span class='ocrx_word' id='word_1_165' title='bbox 496 2109 543 2166; x_wconf 87' lang='lat' dir='ltr'><strong>tui</strong></span> <span class='ocrx_word' id='word_1_166' title='bbox 556 2109 742 2185; x_wconf 89' lang='lat' dir='ltr'><strong>omnipotens</strong></span> <span class='ocrx_word' id='word_1_167' title='bbox 754 2108 846 2181; x_wconf 87' lang='lat' dir='ltr'><strong>Deus,</strong></span> <span class='ocrx_word' id='word_1_168' title='bbox 860 2107 903 2186; x_wconf 88' lang='lat' dir='ltr'><strong>(et</strong></span> <span class='ocrx_word' id='word_1_169' title='bbox 917 2107 1051 2167; x_wconf 86' lang='lat' dir='ltr'><strong>dimittat</strong></span> <span class='ocrx_word' id='word_1_170' title='bbox 1065 2109 1124 2166; x_wconf 92' lang='lat' dir='ltr'><strong>tibi</strong></span> <span class='ocrx_word' id='word_1_171' title='bbox 1137 2109 1238 2167; x_wconf 85' lang='lat' dir='ltr'><strong>omnia</strong></span> <span class='ocrx_word' id='word_1_172' title='bbox 1250 2117 1372 2186; x_wconf 87' lang='lat' dir='ltr'><strong>peccata</strong></span> <span class='ocrx_word' id='word_1_173' title='bbox 1385 2119 1445 2186; x_wconf 82' lang='lat' dir='ltr'><strong>tua,</strong></span> 
     </span>
     <span class='ocr_line' id='line_1_20' title="bbox 239 2205 1448 2278; baseline 0.003 -13"><span class='ocrx_word' id='word_1_174' title='bbox 239 2207 348 2267; x_wconf 88' lang='lat' dir='ltr'><strong>liberet</strong></span> <span class='ocrx_word' id='word_1_175' title='bbox 368 2215 398 2267; x_wconf 90' lang='lat' dir='ltr'><strong>te</strong></span> <span class='ocrx_word' id='word_1_176' title='bbox 418 2208 456 2266; x_wconf 85' lang='lat' dir='ltr'><strong>ab</strong></span> <span class='ocrx_word' id='word_1_177' title='bbox 476 2207 559 2265; x_wconf 91' lang='lat' dir='ltr'><strong>omni</strong></span> <span class='ocrx_word' id='word_1_178' title='bbox 578 2207 666 2278; x_wconf 87' lang='lat' dir='ltr'><strong>malo,</strong></span> <span class='ocrx_word' id='word_1_179' title='bbox 687 2213 840 2264; x_wconf 78' lang='lat' dir='ltr'><strong>conservet</strong></span> <span class='ocrx_word' id='word_1_180' title='bbox 860 2212 892 2265; x_wconf 91' lang='lat' dir='ltr'><strong>et</strong></span> <span class='ocrx_word' id='word_1_181' title='bbox 912 2205 1067 2264; x_wconf 85' lang='lat' dir='ltr'><strong>confirmet</strong></span> <span class='ocrx_word' id='word_1_182' title='bbox 1090 2206 1122 2263; x_wconf 87' lang='lat' dir='ltr'><strong>in</strong></span> <span class='ocrx_word' id='word_1_183' title='bbox 1143 2208 1221 2265; x_wconf 91' lang='lat' dir='ltr'><strong>bono</strong></span> <span class='ocrx_word' id='word_1_184' title='bbox 1244 2213 1277 2266; x_wconf 89' lang='lat' dir='ltr'><strong>et</strong></span> <span class='ocrx_word' id='word_1_185' title='bbox 1296 2208 1336 2267; x_wconf 85' lang='lat' dir='ltr'><strong>ad</strong></span> <span class='ocrx_word' id='word_1_186' title='bbox 1355 2210 1448 2269; x_wconf 86' lang='lat' dir='ltr'><strong>vitam</strong></span> 
     </span>
     <span class='ocr_line' id='line_1_21' title="bbox 240 2303 716 2384; baseline -0.008 -20"><span class='ocrx_word' id='word_1_187' title='bbox 240 2306 383 2384; x_wconf 86' lang='lat' dir='ltr'><strong>perducat</strong></span> <span class='ocrx_word' id='word_1_188' title='bbox 396 2313 547 2364; x_wconf 85' lang='lat' dir='ltr'><strong>aeternam.</strong></span> <span class='ocrx_word' id='word_1_189' title='bbox 591 2303 716 2380; x_wconf 85' lang='lat' dir='ltr'><strong>Amen)</strong></span> 
     </span>
    </p>

    <p class='ocr_par' dir='ltr' id='par_1_5' title="bbox 235 2399 1448 2770">
     <span class='ocr_line' id='line_1_22' title="bbox 301 2399 1448 2479; baseline 0 -17"><span class='ocrx_word' id='word_1_190' title='bbox 301 2402 337 2462; x_wconf 80' lang='lat' dir='ltr'><strong>Si</strong></span> <span class='ocrx_word' id='word_1_191' title='bbox 350 2403 488 2479; x_wconf 77' lang='lat' dir='ltr'><strong>infirmas</strong></span> <span class='ocrx_word' id='word_1_192' title='bbox 506 2401 617 2460; x_wconf 72' lang='lat' dir='ltr'><strong>baddam</strong></span> <span class='ocrx_word' id='word_1_193' title='bbox 637 2400 740 2459; x_wconf 77' lang='lat' dir='ltr'><strong>babeat</strong></span> <span class='ocrx_word' id='word_1_194' title='bbox 760 2400 948 2476; x_wconf 81' lang='lat' dir='ltr'><strong>apostolicam</strong></span> <span class='ocrx_word' id='word_1_195' title='bbox 960 2401 996 2459; x_wconf 80' lang='lat' dir='ltr'><strong>de</strong></span> <span class='ocrx_word' id='word_1_196' title='bbox 1007 2400 1099 2476; x_wconf 79' lang='lat' dir='ltr'><strong>plena</strong></span> <span class='ocrx_word' id='word_1_197' title='bbox 1115 2399 1295 2461; x_wconf 65' lang='grc' dir='ltr'><strong>αόσοίιιιίοπο</strong></span> <span class='ocrx_word' id='word_1_198' title='bbox 1313 2411 1340 2461; x_wconf 79' lang='lat' dir='ltr'><strong>et</strong></span> <span class='ocrx_word' id='word_1_199' title='bbox 1352 2404 1448 2462; x_wconf 68' lang='lat' dir='ltr'><strong>raaia</strong></span> 
     </span>
     <span class='ocr_line' id='line_1_23' title="bbox 240 2496 1444 2575; baseline -0.001 -14"><span class='ocrx_word' id='word_1_200' title='bbox 240 2499 319 2562; x_wconf 75' lang='lat' dir='ltr'><strong>siene</strong></span> <span class='ocrx_word' id='word_1_201' title='bbox 339 2502 473 2559; x_wconf 84' lang='lat' dir='ltr'><strong>omnium</strong></span> <span class='ocrx_word' id='word_1_202' title='bbox 491 2508 679 2575; x_wconf 73' lang='lat' dir='ltr'><strong>peecatorum</strong></span> <span class='ocrx_word' id='word_1_203' title='bbox 701 2517 824 2556; x_wconf 66' lang='lat' dir='ltr'><strong>aemam</strong></span> <span class='ocrx_word' id='word_1_204' title='bbox 849 2497 936 2556; x_wconf 81' lang='lat' dir='ltr'><strong>semel</strong></span> <span class='ocrx_word' id='word_1_205' title='bbox 947 2498 982 2555; x_wconf 79' lang='lat' dir='ltr'><strong>in</strong></span> <span class='ocrx_word' id='word_1_206' title='bbox 1005 2496 1130 2556; x_wconf 76' lang='lat' dir='ltr'><strong>arlicrda</strong></span> <span class='ocrx_word' id='word_1_207' title='bbox 1152 2498 1257 2558; x_wconf 79' lang='lat' dir='ltr'><strong>mortis</strong></span> <span class='ocrx_word' id='word_1_208' title='bbox 1279 2519 1444 2573; x_wconf 62' lang='lat' dir='ltr'><strong>masana</strong></span> 
     </span>
     <span class='ocr_line' id='line_1_24' title="bbox 240 2593 1447 2672; baseline 0 -18"><span class='ocrx_word' id='word_1_209' title='bbox 240 2602 310 2654; x_wconf 78' lang='lat' dir='ltr'><strong>tuac</strong></span> <span class='ocrx_word' id='word_1_210' title='bbox 330 2598 430 2672; x_wconf 77' lang='lat' dir='ltr'><strong>primo</strong></span> <span class='ocrx_word' id='word_1_211' title='bbox 453 2597 527 2670; x_wconf 67' lang='lat' dir='ltr'><strong>Lapat</strong></span> <span class='ocrx_word' id='word_1_212' title='bbox 546 2595 687 2654; x_wconf 82' lang='lat' dir='ltr'><strong>Sacerdos</strong></span> <span class='ocrx_word' id='word_1_213' title='bbox 710 2596 839 2668; x_wconf 84' lang='lat' dir='ltr'><strong>effectum</strong></span> <span class='ocrx_word' id='word_1_214' title='bbox 862 2593 954 2653; x_wconf 65' lang='lat' dir='ltr'><strong>tola.</strong></span> <span class='ocrx_word' id='word_1_215' title='bbox 998 2593 1122 2666; x_wconf 81' lang='lat' dir='ltr'><strong>Deinde,</strong></span> <span class='ocrx_word' id='word_1_216' title='bbox 1141 2594 1239 2653; x_wconf 67' lang='lat' dir='ltr'><strong>cauria</strong></span> <span class='ocrx_word' id='word_1_217' title='bbox 1254 2605 1392 2671; x_wconf 63' lang='lat' dir='ltr'><strong>pomata,</strong></span> <span class='ocrx_word' id='word_1_218' title='bbox 1415 2603 1447 2654; x_wconf 69' lang='lat' dir='ltr'><strong>ut</strong></span> 
     </span>
     <span class='ocr_line' id='line_1_25' title="bbox 235 2689 1145 2770; baseline -0.002 -19"><span class='ocrx_word' id='word_1_219' title='bbox 235 2695 415 2770; x_wconf 81' lang='lat' dir='ltr'><strong>pradictum</strong></span> <span class='ocrx_word' id='word_1_220' title='bbox 429 2702 469 2751; x_wconf 79' lang='lat' dir='ltr'><strong>est</strong></span> <span class='ocrx_word' id='word_1_221' title='bbox 475 2696 535 2766; x_wconf 80' lang='lat' dir='ltr'><strong>flat</strong></span> <span class='ocrx_word' id='word_1_222' title='bbox 550 2700 647 2749; x_wconf 75' lang='lat' dir='ltr'><strong>tamen</strong></span> <span class='ocrx_word' id='word_1_223' title='bbox 660 2692 723 2767; x_wconf 55' lang='lat' dir='ltr'><strong>dus</strong></span> <span class='ocrx_word' id='word_1_224' title='bbox 735 2690 878 2749; x_wconf 80' lang='lat' dir='ltr'><strong>absolutio</strong></span> <span class='ocrx_word' id='word_1_225' title='bbox 891 2691 944 2749; x_wconf 81' lang='lat' dir='ltr'><strong>sub</strong></span> <span class='ocrx_word' id='word_1_226' title='bbox 958 2689 1145 2766; x_wconf 75' lang='lat' dir='ltr'><strong>Itacsorma:</strong></span> 
     </span>
    </p>

    <p class='ocr_par' dir='ltr' id='par_1_6' title="bbox 234 2785 1448 4394">
     <span class='ocr_line' id='line_1_26' title="bbox 302 2785 1448 2867; baseline 0.002 -23"><span class='ocrx_word' id='word_1_227' title='bbox 302 2788 452 2844; x_wconf 88' lang='lat' dir='ltr'><strong>Dominus</strong></span> <span class='ocrx_word' id='word_1_228' title='bbox 472 2787 560 2844; x_wconf 88' lang='lat' dir='ltr'><strong>Jesus</strong></span> <span class='ocrx_word' id='word_1_229' title='bbox 582 2788 718 2844; x_wconf 85' lang='lat' dir='ltr'><strong>Christus</strong></span> <span class='ocrx_word' id='word_1_230' title='bbox 733 2807 785 2863; x_wconf 90' lang='lat' dir='ltr'><strong>pro</strong></span> <span class='ocrx_word' id='word_1_231' title='bbox 806 2807 860 2846; x_wconf 89' lang='lat' dir='ltr'><strong>sua</strong></span> <span class='ocrx_word' id='word_1_232' title='bbox 880 2807 986 2864; x_wconf 87' lang='lat' dir='ltr'><strong>magna</strong></span> <span class='ocrx_word' id='word_1_233' title='bbox 999 2788 1111 2863; x_wconf 86' lang='lat' dir='ltr'><strong>pietate</strong></span> <span class='ocrx_word' id='word_1_234' title='bbox 1131 2793 1162 2845; x_wconf 88' lang='lat' dir='ltr'><strong>tc</strong></span> <span class='ocrx_word' id='word_1_235' title='bbox 1175 2785 1307 2846; x_wconf 80' lang='lat' dir='ltr'><strong>absolvat</strong></span> <span class='ocrx_word' id='word_1_236' title='bbox 1318 2805 1327 2858; x_wconf 89' lang='lat'>;</span> <span class='ocrx_word' id='word_1_237' title='bbox 1348 2794 1381 2845; x_wconf 91' lang='lat' dir='ltr'><strong>et</strong></span> <span class='ocrx_word' id='word_1_238' title='bbox 1394 2809 1448 2867; x_wconf 85' lang='lat' dir='ltr'><strong>ego</strong></span> 
     </span>
     <span class='ocr_line' id='line_1_27' title="bbox 240 2882 1448 2959; baseline 0.001 -18"><span class='ocrx_word' id='word_1_239' title='bbox 240 2883 419 2942; x_wconf 84' lang='lat' dir='ltr'><strong>auctoritate</strong></span> <span class='ocrx_word' id='word_1_240' title='bbox 447 2882 578 2959; x_wconf 85' lang='lat' dir='ltr'><strong>ejusdem</strong></span> <span class='ocrx_word' id='word_1_241' title='bbox 602 2882 659 2939; x_wconf 86' lang='lat' dir='ltr'><strong>Dei</strong></span> <span class='ocrx_word' id='word_1_242' title='bbox 684 2888 714 2939; x_wconf 91' lang='lat' dir='ltr'><strong>et</strong></span> <span class='ocrx_word' id='word_1_243' title='bbox 738 2883 862 2940; x_wconf 91' lang='lat' dir='ltr'><strong>Domini</strong></span> <span class='ocrx_word' id='word_1_244' title='bbox 884 2884 981 2941; x_wconf 88' lang='lat' dir='ltr'><strong>nostri</strong></span> <span class='ocrx_word' id='word_1_245' title='bbox 1003 2883 1078 2940; x_wconf 87' lang='lat' dir='ltr'><strong>Jesu</strong></span> <span class='ocrx_word' id='word_1_246' title='bbox 1103 2882 1217 2942; x_wconf 81' lang='lat' dir='ltr'><strong>Christi</strong></span> <span class='ocrx_word' id='word_1_247' title='bbox 1238 2887 1270 2940; x_wconf 87' lang='lat' dir='ltr'><strong>et</strong></span> <span class='ocrx_word' id='word_1_248' title='bbox 1291 2883 1448 2942; x_wconf 56' lang='lat' dir='ltr'><strong>matonam</strong></span> 
     </span>
     <span class='ocr_line' id='line_1_28' title="bbox 241 2979 1446 3058; baseline 0 -19"><span class='ocrx_word' id='word_1_249' title='bbox 241 2980 442 3058; x_wconf 84' lang='lat' dir='ltr'><strong>apostolorum</strong></span> <span class='ocrx_word' id='word_1_250' title='bbox 467 2979 551 3037; x_wconf 89' lang='lat' dir='ltr'><strong>Petri</strong></span> <span class='ocrx_word' id='word_1_251' title='bbox 575 2987 605 3036; x_wconf 93' lang='lat' dir='ltr'><strong>et</strong></span> <span class='ocrx_word' id='word_1_252' title='bbox 630 2979 718 3036; x_wconf 84' lang='lat' dir='ltr'><strong>Pauli</strong></span> <span class='ocrx_word' id='word_1_253' title='bbox 741 2987 772 3037; x_wconf 89' lang='lat' dir='ltr'><strong>et</strong></span> <span class='ocrx_word' id='word_1_254' title='bbox 792 2981 906 3038; x_wconf 91' lang='lat' dir='ltr'><strong>domini</strong></span> <span class='ocrx_word' id='word_1_255' title='bbox 926 2981 1022 3038; x_wconf 86' lang='lat' dir='ltr'><strong>nostri</strong></span> <span class='ocrx_word' id='word_1_256' title='bbox 1042 2981 1144 3038; x_wconf 92' lang='lat' dir='ltr'><strong>domni</strong></span> <span class='ocrx_word' id='word_1_257' title='bbox 1163 2981 1203 3039; x_wconf 88' lang='lat' dir='ltr'><strong>N.</strong></span> <span class='ocrx_word' id='word_1_258' title='bbox 1230 2981 1334 3039; x_wconf 81' lang='lat' dir='ltr'><strong>divina</strong></span> <span class='ocrx_word' id='word_1_259' title='bbox 1353 2983 1446 3058; x_wconf 84' lang='lat' dir='ltr'><strong>prori-</strong></span> 
     </span>
     <span class='ocr_line' id='line_1_29' title="bbox 240 3076 1446 3155; baseline -0.002 -18"><span class='ocrx_word' id='word_1_260' title='bbox 240 3078 344 3137; x_wconf 86' lang='lat' dir='ltr'><strong>dentia</strong></span> <span class='ocrx_word' id='word_1_261' title='bbox 358 3077 466 3135; x_wconf 90' lang='lat' dir='ltr'><strong>summi</strong></span> <span class='ocrx_word' id='word_1_262' title='bbox 480 3076 636 3153; x_wconf 87' lang='lat' dir='ltr'><strong>pontificis,</strong></span> <span class='ocrx_word' id='word_1_263' title='bbox 652 3084 683 3134; x_wconf 92' lang='lat' dir='ltr'><strong>et</strong></span> <span class='ocrx_word' id='word_1_264' title='bbox 696 3076 809 3135; x_wconf 79' lang='lat' dir='ltr'><strong>virtute</strong></span> <span class='ocrx_word' id='word_1_265' title='bbox 829 3078 932 3154; x_wconf 80' lang='lat' dir='ltr'><strong>gratiae</strong></span> <span class='ocrx_word' id='word_1_266' title='bbox 946 3077 1004 3135; x_wconf 91' lang='lat' dir='ltr'><strong>tibi</strong></span> <span class='ocrx_word' id='word_1_267' title='bbox 1024 3097 1165 3135; x_wconf 72' lang='lat' dir='ltr'><strong>concessae</strong></span> <span class='ocrx_word' id='word_1_268' title='bbox 1179 3084 1211 3135; x_wconf 90' lang='lat' dir='ltr'><strong>et</strong></span> <span class='ocrx_word' id='word_1_269' title='bbox 1223 3078 1376 3137; x_wconf 88' lang='lat' dir='ltr'><strong>electionis</strong></span> <span class='ocrx_word' id='word_1_270' title='bbox 1388 3097 1446 3155; x_wconf 80' lang='lat' dir='ltr'><strong>qus</strong></span> 
     </span>
     <span class='ocr_line' id='line_1_30' title="bbox 240 3174 1447 3252; baseline -0.003 -14"><span class='ocrx_word' id='word_1_271' title='bbox 240 3197 289 3238; x_wconf 89' lang='lat' dir='ltr'><strong>me</strong></span> <span class='ocrx_word' id='word_1_272' title='bbox 302 3178 333 3234; x_wconf 91' lang='lat' dir='ltr'><strong>in</strong></span> <span class='ocrx_word' id='word_1_273' title='bbox 348 3184 435 3234; x_wconf 87' lang='lat' dir='ltr'><strong>tuum</strong></span> <span class='ocrx_word' id='word_1_274' title='bbox 448 3175 642 3234; x_wconf 84' lang='lat' dir='ltr'><strong>confessorem</strong></span> <span class='ocrx_word' id='word_1_275' title='bbox 657 3174 772 3251; x_wconf 83' lang='lat' dir='ltr'><strong>elegisti</strong></span> <span class='ocrx_word' id='word_1_276' title='bbox 785 3175 817 3232; x_wconf 91' lang='lat' dir='ltr'><strong>in</strong></span> <span class='ocrx_word' id='word_1_277' title='bbox 837 3175 893 3234; x_wconf 82' lang='lat' dir='ltr'><strong>hac</strong></span> <span class='ocrx_word' id='word_1_278' title='bbox 907 3181 990 3252; x_wconf 83' lang='lat' dir='ltr'><strong>parte</strong></span> <span class='ocrx_word' id='word_1_279' title='bbox 1011 3175 1085 3232; x_wconf 89' lang='lat' dir='ltr'><strong>mihi</strong></span> <span class='ocrx_word' id='word_1_280' title='bbox 1105 3175 1267 3249; x_wconf 86' lang='lat' dir='ltr'><strong>commissa,</strong></span> <span class='ocrx_word' id='word_1_281' title='bbox 1283 3176 1404 3234; x_wconf 85' lang='lat' dir='ltr'><strong>absolvo</strong></span> <span class='ocrx_word' id='word_1_282' title='bbox 1417 3181 1447 3233; x_wconf 84' lang='lat' dir='ltr'><strong>te</strong></span> 
     </span>
     <span class='ocr_line' id='line_1_31' title="bbox 240 3271 1446 3350; baseline -0.002 -16"><span class='ocrx_word' id='word_1_283' title='bbox 240 3274 278 3334; x_wconf 82' lang='lat' dir='ltr'><strong>ab</strong></span> <span class='ocrx_word' id='word_1_284' title='bbox 292 3273 430 3332; x_wconf 88' lang='lat' dir='ltr'><strong>omnibus</strong></span> <span class='ocrx_word' id='word_1_285' title='bbox 443 3273 569 3350; x_wconf 86' lang='lat' dir='ltr'><strong>peccatis</strong></span> <span class='ocrx_word' id='word_1_286' title='bbox 583 3272 643 3329; x_wconf 88' lang='lat' dir='ltr'><strong>tuis</strong></span> <span class='ocrx_word' id='word_1_287' title='bbox 657 3272 815 3347; x_wconf 88' lang='lat' dir='ltr'><strong>dequibus</strong></span> <span class='ocrx_word' id='word_1_288' title='bbox 836 3272 922 3329; x_wconf 91' lang='lat' dir='ltr'><strong>corde</strong></span> <span class='ocrx_word' id='word_1_289' title='bbox 942 3271 1088 3330; x_wconf 88' lang='lat' dir='ltr'><strong>contritus</strong></span> <span class='ocrx_word' id='word_1_290' title='bbox 1102 3278 1133 3329; x_wconf 85' lang='lat' dir='ltr'><strong>et</strong></span> <span class='ocrx_word' id='word_1_291' title='bbox 1145 3291 1196 3330; x_wconf 91' lang='lat' dir='ltr'><strong>ore</strong></span> <span class='ocrx_word' id='word_1_292' title='bbox 1209 3272 1285 3330; x_wconf 89' lang='lat' dir='ltr'><strong>mihi</strong></span> <span class='ocrx_word' id='word_1_293' title='bbox 1298 3274 1446 3332; x_wconf 86' lang='lat' dir='ltr'><strong>confessus</strong></span> 
     </span>
     <span class='ocr_line' id='line_1_32' title="bbox 238 3368 1446 3445; baseline -0.001 -15"><span class='ocrx_word' id='word_1_294' title='bbox 238 3390 278 3445; x_wconf 84' lang='lat' dir='ltr'><strong>es,</strong></span> <span class='ocrx_word' id='word_1_295' title='bbox 293 3377 325 3429; x_wconf 92' lang='lat' dir='ltr'><strong>et</strong></span> <span class='ocrx_word' id='word_1_296' title='bbox 338 3373 376 3428; x_wconf 86' lang='lat' dir='ltr'><strong>ab</strong></span> <span class='ocrx_word' id='word_1_297' title='bbox 390 3371 526 3428; x_wconf 90' lang='lat' dir='ltr'><strong>omnibus</strong></span> <span class='ocrx_word' id='word_1_298' title='bbox 539 3369 606 3426; x_wconf 82' lang='lat' dir='ltr'><strong>aliis</strong></span> <span class='ocrx_word' id='word_1_299' title='bbox 619 3368 746 3445; x_wconf 87' lang='lat' dir='ltr'><strong>peccatis</strong></span> <span class='ocrx_word' id='word_1_300' title='bbox 754 3368 815 3425; x_wconf 91' lang='lat' dir='ltr'><strong>tuis</strong></span> <span class='ocrx_word' id='word_1_301' title='bbox 826 3368 862 3425; x_wconf 88' lang='lat' dir='ltr'><strong>do</strong></span> <span class='ocrx_word' id='word_1_302' title='bbox 875 3368 985 3444; x_wconf 90' lang='lat' dir='ltr'><strong>quibus</strong></span> <span class='ocrx_word' id='word_1_303' title='bbox 994 3370 1020 3425; x_wconf 94' lang='lat' dir='ltr'><strong>si</strong></span> <span class='ocrx_word' id='word_1_304' title='bbox 1030 3374 1091 3425; x_wconf 86' lang='lat' dir='ltr'><strong>tusa</strong></span> <span class='ocrx_word' id='word_1_305' title='bbox 1101 3374 1289 3427; x_wconf 86' lang='lat' dir='ltr'><strong>occurrerent</strong></span> <span class='ocrx_word' id='word_1_306' title='bbox 1299 3371 1446 3429; x_wconf 79' lang='lat' dir='ltr'><strong>memorie</strong></span> 
     </span>
     <span class='ocr_line' id='line_1_33' title="bbox 238 3465 1445 3545; baseline -0.002 -17"><span class='ocrx_word' id='word_1_307' title='bbox 238 3469 372 3528; x_wconf 84' lang='lat' dir='ltr'><strong>confiteri</strong></span> <span class='ocrx_word' id='word_1_308' title='bbox 387 3469 494 3540; x_wconf 77' lang='lat' dir='ltr'><strong>velles3</strong></span> <span class='ocrx_word' id='word_1_309' title='bbox 514 3469 552 3526; x_wconf 88' lang='lat' dir='ltr'><strong>ab</strong></span> <span class='ocrx_word' id='word_1_310' title='bbox 566 3467 648 3524; x_wconf 90' lang='lat' dir='ltr'><strong>omni</strong></span> <span class='ocrx_word' id='word_1_311' title='bbox 668 3465 812 3523; x_wconf 82' lang='lat' dir='ltr'><strong>fractione</strong></span> <span class='ocrx_word' id='word_1_312' title='bbox 832 3473 978 3536; x_wconf 88' lang='lat' dir='ltr'><strong>votorum,</strong></span> <span class='ocrx_word' id='word_1_313' title='bbox 994 3470 1025 3523; x_wconf 92' lang='lat' dir='ltr'><strong>et</strong></span> <span class='ocrx_word' id='word_1_314' title='bbox 1038 3466 1076 3522; x_wconf 87' lang='lat' dir='ltr'><strong>ab</strong></span> <span class='ocrx_word' id='word_1_315' title='bbox 1090 3466 1171 3523; x_wconf 90' lang='lat' dir='ltr'><strong>omni</strong></span> <span class='ocrx_word' id='word_1_316' title='bbox 1185 3466 1344 3525; x_wconf 90' lang='lat' dir='ltr'><strong>omissione</strong></span> <span class='ocrx_word' id='word_1_317' title='bbox 1357 3467 1445 3545; x_wconf 80' lang='lat' dir='ltr'><strong>preni-</strong></span> 
     </span>
     <span class='ocr_line' id='line_1_34' title="bbox 237 3562 1446 3638; baseline -0.005 -12"><span class='ocrx_word' id='word_1_318' title='bbox 237 3568 400 3626; x_wconf 85' lang='lat' dir='ltr'><strong>tentiarum</strong></span> <span class='ocrx_word' id='word_1_319' title='bbox 426 3565 603 3625; x_wconf 85' lang='lat' dir='ltr'><strong>salutarium</strong></span> <span class='ocrx_word' id='word_1_320' title='bbox 637 3562 892 3621; x_wconf 76' lang='lat' dir='ltr'><strong>sacramentaliter</strong></span> <span class='ocrx_word' id='word_1_321' title='bbox 918 3563 976 3618; x_wconf 91' lang='lat' dir='ltr'><strong>tibi</strong></span> <span class='ocrx_word' id='word_1_322' title='bbox 1009 3562 1222 3638; x_wconf 85' lang='lat' dir='ltr'><strong>injunctarum,</strong></span> <span class='ocrx_word' id='word_1_323' title='bbox 1244 3569 1275 3621; x_wconf 89' lang='lat' dir='ltr'><strong>et</strong></span> <span class='ocrx_word' id='word_1_324' title='bbox 1299 3564 1339 3621; x_wconf 87' lang='lat' dir='ltr'><strong>ab</strong></span> <span class='ocrx_word' id='word_1_325' title='bbox 1366 3563 1446 3623; x_wconf 88' lang='lat' dir='ltr'><strong>omni</strong></span> 
     </span>
     <span class='ocr_line' id='line_1_35' title="bbox 238 3659 1446 3741; baseline -0.002 -20"><span class='ocrx_word' id='word_1_326' title='bbox 238 3664 467 3741; x_wconf 83' lang='lat' dir='ltr'><strong>transgressione</strong></span> <span class='ocrx_word' id='word_1_327' title='bbox 485 3663 657 3719; x_wconf 88' lang='lat' dir='ltr'><strong>divinorum</strong></span> <span class='ocrx_word' id='word_1_328' title='bbox 678 3660 905 3717; x_wconf 89' lang='lat' dir='ltr'><strong>mandatorum:</strong></span> <span class='ocrx_word' id='word_1_329' title='bbox 925 3659 1041 3735; x_wconf 87' lang='lat' dir='ltr'><strong>tibique</strong></span> <span class='ocrx_word' id='word_1_330' title='bbox 1057 3659 1183 3717; x_wconf 88' lang='lat' dir='ltr'><strong>concedo</strong></span> <span class='ocrx_word' id='word_1_331' title='bbox 1207 3659 1328 3736; x_wconf 87' lang='lat' dir='ltr'><strong>plenam</strong></span> <span class='ocrx_word' id='word_1_332' title='bbox 1352 3659 1446 3718; x_wconf 91' lang='lat' dir='ltr'><strong>indul·</strong></span> 
     </span>
     <span class='ocr_line' id='line_1_36' title="bbox 236 3757 1446 3837; baseline -0.002 -19"><span class='ocrx_word' id='word_1_333' title='bbox 236 3761 367 3837; x_wconf 82' lang='lat' dir='ltr'><strong>gentiam</strong></span> <span class='ocrx_word' id='word_1_334' title='bbox 402 3761 537 3818; x_wconf 89' lang='lat' dir='ltr'><strong>omnium</strong></span> <span class='ocrx_word' id='word_1_335' title='bbox 571 3763 758 3834; x_wconf 84' lang='lat' dir='ltr'><strong>peccatorum</strong></span> <span class='ocrx_word' id='word_1_336' title='bbox 785 3763 915 3828; x_wconf 88' lang='lat' dir='ltr'><strong>tuorum,</strong></span> <span class='ocrx_word' id='word_1_337' title='bbox 945 3757 977 3813; x_wconf 89' lang='lat' dir='ltr'><strong>in</strong></span> <span class='ocrx_word' id='word_1_338' title='bbox 1008 3763 1154 3833; x_wconf 86' lang='lat' dir='ltr'><strong>quantum</strong></span> <span class='ocrx_word' id='word_1_339' title='bbox 1182 3757 1280 3815; x_wconf 88' lang='lat' dir='ltr'><strong>claves</strong></span> <span class='ocrx_word' id='word_1_340' title='bbox 1308 3757 1446 3816; x_wconf 68' lang='lat' dir='ltr'><strong>Ecclesia</strong></span> 
     </span>
     <span class='ocr_line' id='line_1_37' title="bbox 237 3853 1446 3933; baseline -0.001 -20"><span class='ocrx_word' id='word_1_341' title='bbox 237 3862 268 3913; x_wconf 90' lang='lat' dir='ltr'><strong>at</strong></span> <span class='ocrx_word' id='word_1_342' title='bbox 282 3863 412 3933; x_wconf 85' lang='lat' dir='ltr'><strong>potestas</strong></span> <span class='ocrx_word' id='word_1_343' title='bbox 432 3856 546 3913; x_wconf 85' lang='lat' dir='ltr'><strong>domini</strong></span> <span class='ocrx_word' id='word_1_344' title='bbox 561 3855 650 3930; x_wconf 84' lang='lat' dir='ltr'><strong>Papae</strong></span> <span class='ocrx_word' id='word_1_345' title='bbox 664 3873 695 3911; x_wconf 89' lang='lat' dir='ltr'><strong>se</strong></span> <span class='ocrx_word' id='word_1_346' title='bbox 709 3853 884 3911; x_wconf 83' lang='lat' dir='ltr'><strong>extendunt.</strong></span> <span class='ocrx_word' id='word_1_347' title='bbox 929 3853 970 3910; x_wconf 92' lang='lat' dir='ltr'><strong>Et</strong></span> <span class='ocrx_word' id='word_1_348' title='bbox 983 3854 1009 3911; x_wconf 90' lang='lat' dir='ltr'><strong>si</strong></span> <span class='ocrx_word' id='word_1_349' title='bbox 1029 3853 1220 3911; x_wconf 87' lang='lat' dir='ltr'><strong>immiscendo</strong></span> <span class='ocrx_word' id='word_1_350' title='bbox 1234 3860 1265 3911; x_wconf 84' lang='lat' dir='ltr'><strong>te</strong></span> <span class='ocrx_word' id='word_1_351' title='bbox 1278 3853 1393 3913; x_wconf 89' lang='lat' dir='ltr'><strong>divinis</strong></span> <span class='ocrx_word' id='word_1_352' title='bbox 1405 3853 1446 3912; x_wconf 89' lang='lat' dir='ltr'><strong>sic</strong></span> 
     </span>
     <span class='ocr_line' id='line_1_38' title="bbox 236 3949 1446 4027; baseline 0.001 -19"><span class='ocrx_word' id='word_1_353' title='bbox 236 3951 397 4008; x_wconf 85' lang='lat' dir='ltr'><strong>innovatus</strong></span> <span class='ocrx_word' id='word_1_354' title='bbox 423 3969 454 4008; x_wconf 89' lang='lat' dir='ltr'><strong>es</strong></span> <span class='ocrx_word' id='word_1_355' title='bbox 478 3956 531 4007; x_wconf 87' lang='lat' dir='ltr'><strong>aut</strong></span> <span class='ocrx_word' id='word_1_356' title='bbox 558 3969 691 4025; x_wconf 88' lang='lat' dir='ltr'><strong>unquam</strong></span> <span class='ocrx_word' id='word_1_357' title='bbox 714 3949 808 4020; x_wconf 84' lang='lat' dir='ltr'><strong>fuisti,</strong></span> <span class='ocrx_word' id='word_1_358' title='bbox 833 3950 912 4025; x_wconf 86' lang='lat' dir='ltr'><strong>quod</strong></span> <span class='ocrx_word' id='word_1_359' title='bbox 936 3950 1066 4026; x_wconf 87' lang='lat' dir='ltr'><strong>aliquam</strong></span> <span class='ocrx_word' id='word_1_360' title='bbox 1090 3956 1193 4007; x_wconf 87' lang='lat' dir='ltr'><strong>notam</strong></span> <span class='ocrx_word' id='word_1_361' title='bbox 1217 3950 1446 4027; x_wconf 74' lang='lat' dir='ltr'><strong>irregularitatis</strong></span> 
     </span>
     <span class='ocr_line' id='line_1_39' title="bbox 236 4045 1445 4122; baseline 0.002 -18"><span class='ocrx_word' id='word_1_362' title='bbox 236 4046 413 4104; x_wconf 78' lang='lat' dir='ltr'><strong>contraxisti</strong></span> <span class='ocrx_word' id='word_1_363' title='bbox 440 4045 488 4102; x_wconf 85' lang='lat' dir='ltr'><strong>vel</strong></span> <span class='ocrx_word' id='word_1_364' title='bbox 513 4065 629 4122; x_wconf 82' lang='lat' dir='ltr'><strong>poenam</strong></span> <span class='ocrx_word' id='word_1_365' title='bbox 654 4046 852 4122; x_wconf 88' lang='lat' dir='ltr'><strong>suspensionis</strong></span> <span class='ocrx_word' id='word_1_366' title='bbox 876 4046 1029 4104; x_wconf 89' lang='lat' dir='ltr'><strong>interdicti</strong></span> <span class='ocrx_word' id='word_1_367' title='bbox 1053 4066 1104 4104; x_wconf 90' lang='lat' dir='ltr'><strong>seu</strong></span> <span class='ocrx_word' id='word_1_368' title='bbox 1129 4048 1445 4107; x_wconf 82' lang='lat' dir='ltr'><strong>excommunicationis</strong></span> 
     </span>
     <span class='ocr_line' id='line_1_40' title="bbox 234 4139 1445 4220; baseline 0.006 -23"><span class='ocrx_word' id='word_1_369' title='bbox 234 4140 396 4212; x_wconf 84' lang='lat' dir='ltr'><strong>incurristi,</strong></span> <span class='ocrx_word' id='word_1_370' title='bbox 411 4139 513 4197; x_wconf 86' lang='lat' dir='ltr'><strong>eadem</strong></span> <span class='ocrx_word' id='word_1_371' title='bbox 526 4140 701 4198; x_wconf 85' lang='lat' dir='ltr'><strong>auctoritate</strong></span> <span class='ocrx_word' id='word_1_372' title='bbox 714 4141 788 4199; x_wconf 92' lang='lat' dir='ltr'><strong>tollo</strong></span> <span class='ocrx_word' id='word_1_373' title='bbox 800 4148 831 4199; x_wconf 89' lang='lat' dir='ltr'><strong>et</strong></span> <span class='ocrx_word' id='word_1_374' title='bbox 844 4157 974 4214; x_wconf 85' lang='lat' dir='ltr'><strong>amoveo,</strong></span> <span class='ocrx_word' id='word_1_375' title='bbox 989 4149 1148 4219; x_wconf 90' lang='lat' dir='ltr'><strong>tecumque</strong></span> <span class='ocrx_word' id='word_1_376' title='bbox 1161 4143 1298 4220; x_wconf 87' lang='lat' dir='ltr'><strong>dispenso</strong></span> <span class='ocrx_word' id='word_1_377' title='bbox 1308 4149 1340 4203; x_wconf 87' lang='lat' dir='ltr'><strong>et</strong></span> <span class='ocrx_word' id='word_1_378' title='bbox 1353 4163 1445 4204; x_wconf 84' lang='lat' dir='ltr'><strong>sacra·</strong></span> 
     </span>
     <span class='ocr_line' id='line_1_41' title="bbox 236 4236 1446 4319; baseline 0.007 -26"><span class='ocrx_word' id='word_1_379' title='bbox 236 4238 345 4294; x_wconf 88' lang='lat' dir='ltr'><strong>mentis</strong></span> <span class='ocrx_word' id='word_1_380' title='bbox 372 4236 509 4294; x_wconf 68' lang='lat' dir='ltr'><strong>Ecclesia</strong></span> <span class='ocrx_word' id='word_1_381' title='bbox 536 4243 568 4296; x_wconf 91' lang='lat' dir='ltr'><strong>te</strong></span> <span class='ocrx_word' id='word_1_382' title='bbox 594 4237 729 4295; x_wconf 90' lang='lat' dir='ltr'><strong>restituo.</strong></span> <span class='ocrx_word' id='word_1_383' title='bbox 778 4237 818 4296; x_wconf 91' lang='lat' dir='ltr'><strong>In</strong></span> <span class='ocrx_word' id='word_1_384' title='bbox 845 4240 964 4297; x_wconf 89' lang='lat' dir='ltr'><strong>nomine</strong></span> <span class='ocrx_word' id='word_1_385' title='bbox 992 4240 1092 4299; x_wconf 90' lang='lat' dir='ltr'><strong>Patris</strong></span> <span class='ocrx_word' id='word_1_386' title='bbox 1115 4246 1146 4299; x_wconf 85' lang='lat' dir='ltr'><strong>et</strong></span> <span class='ocrx_word' id='word_1_387' title='bbox 1169 4240 1243 4298; x_wconf 87' lang='lat' dir='ltr'><strong>Filii</strong></span> <span class='ocrx_word' id='word_1_388' title='bbox 1262 4247 1295 4300; x_wconf 88' lang='lat' dir='ltr'><strong>et</strong></span> <span class='ocrx_word' id='word_1_389' title='bbox 1314 4241 1446 4319; x_wconf 82' lang='lat' dir='ltr'><strong>Spiritus</strong></span> 
     </span>
     <span class='ocr_line' id='line_1_42' title="bbox 237 4332 496 4394; baseline -0.008 0"><span class='ocrx_word' id='word_1_390' title='bbox 237 4335 346 4394; x_wconf 80' lang='lat' dir='ltr'><strong>Sancti</strong></span> <span class='ocrx_word' id='word_1_391' title='bbox 389 4332 496 4393; x_wconf 85' lang='lat' dir='ltr'><strong>Amen.</strong></span> 
     </span>
    </p>
   </div>
   <div class='ocr_carea' id='block_1_3' title="bbox 0 0 1516 4966">
    <p class='ocr_par' dir='ltr' id='par_1_7' title="bbox 0 0 1516 4966">
     <span class='ocr_line' id='line_1_43' title="bbox 0 0 1516 4966; baseline 0 3"><span class='ocrx_word' id='word_1_392' title='bbox 0 0 1516 4966; x_wconf 95' lang='lat' dir='ltr'><strong> </strong></span> 
     </span>
    </p>
   </div>
  </div>
 </body>
</html>
