3022 4966
656 329 824 398 Manuale
838 328 886 396 od
899 349 1004 396 asum
1017 329 1155 396 Sarum.

468 498 577 558 Sancte
590 495 755 570 Dunstane,
769 495 924 554 intercede.

468 578 577 637 Sancte
590 576 761 648 Outhberte
774 576 932 636 intercede.

468 659 577 717 saneto
587 656 747 729 leonardo,
762 655 917 715 intercede

468 738 577 798 Sancte
590 737 689 813 Egidi,
701 736 856 795 intercede.

428 819 540 879 Omnes
552 818 648 876 sancti
660 817 856 888 confessores,
867 815 1050 875 intercedite

429 899 539 958 Omnes
552 897 648 956 sancti
661 896 803 955 Monachi
816 903 847 954 et
860 897 1010 968 Eremitoe,
1023 895 1203 955 intercedite.

469 979 578 1040 Sancta
592 977 691 1036 Maria
703 977 889 1054 Magonem,
904 977 1052 1036 intercede
1064 996 1119 1054 pio
1131 977 1231 1034 anima
1244 976 1319 1052 ejus.

469 1059 578 1118 Sancta
592 1057 690 1116 Maria
703 1057 890 1134 AEgypfiwn,
905 1057 1056 1116 intercedo
1068 1077 1122 1134 pro
1135 1057 1236 1116 anima
1249 1058 1324 1133 ejas

469 1139 578 1197 Sancta
590 1137 739 1211 Felicitas,
753 1137 908 1196 intercede.

469 1220 577 1277 Sancta
591 1218 748 1294 Perpetua,
762 1218 919 1276 intercede.

469 1300 578 1357 Sancta
590 1299 708 1368 cecilia,
722 1298 877 1357 intercede

469 1379 577 1438 Sancta
591 1378 692 1448 Lucia,
706 1378 862 1437 intomede.

469 1458 578 1518 Sancta
591 1457 720 1536 Agatha„
735 1458 891 1517 intercede

469 1540 578 1597 Sancta
590 1538 702 1615 Agnes,
716 1538 873 1597 intercede

468 1620 577 1677 Sancta
591 1618 688 1690 Fides,
701 1617 857 1677 intercede.

469 1699 577 1758 Sancta
591 1699 769 1772 Kntharina,
784 1698 940 1757 intercede.

469 1779 579 1839 Sancta
592 1779 779 1848 Scholastica,
793 1779 949 1838 intercede.

468 1861 577 1918 Sancta
589 1859 612 1918 J
613 1858 721 1930 ulianm
734 1859 889 1918 intercede

470 1940 579 1999 Sancta
591 1939 771 2016 Margarcta,
784 1938 940 1997 intercede.

468 2021 579 2080 Sancta
591 2020 759 2092 Anastasia,
774 2019 931 2078 intercede.

470 2101 579 2160 Sancta
592 2099 769 2171 Petronellaa
783 2099 939 2158 intercede.

469 2181 579 2240 Sancta
591 2180 711 2250 Editlm
724 2180 880 2238 intercede.

470 2261 578 2320 Sancta
592 2260 722 2338 Brigim,
737 2260 892 2318 intercede.

430 2342 540 2400 Omnes
552 2346 661 2399 sancta
674 2340 825 2417 Virgines,
839 2339 1011 2398 intercedite
1025 2359 1078 2416 pro
1092 2340 1191 2398 anima
1204 2340 1277 2416 ejus.

430 2421 541 2480 Omnes
554 2420 664 2493 Sancti,
679 2421 853 2479 intercedite
867 2439 920 2496 pio
934 2420 1033 2477 anima
1046 2420 1118 2496 ejus.

368 2501 521 2579 Propitius
530 2509 698 2579 esto,pc1oe
711 2507 742 2559 et
755 2501 874 2559 dimitte
887 2501 915 2558 ei
929 2501 1028 2558 omnia
1041 2508 1220 2576 peccatasua,
1236 2500 1378 2560 Domine

369 2583 421 2640 Ab
434 2582 516 2640 omni
529 2582 627 2640 malo:
651 2582 788 2639 liberast
801 2580 925 2639 defende
938 2581 1067 2638 animam
1081 2583 1153 2657 ejus,
1169 2580 1306 2638 Domine.

369 2664 421 2719 Ab
435 2662 519 2720 hoste
531 2663 635 2738 iniquo
649 2684 654 2719 :
676 2662 768 2719 libera
781 2668 812 2719 et
825 2661 948 2718 defende
968 2662 1097 2718 animam
1111 2663 1183 2737 ejm,
1199 2661 1337 2720 Domine.

370 2743 421 2800 Ab
431 2743 547 2799 insidiis
555 2751 585 2799 ot
596 2743 708 2817 laqueis
716 2743 826 2799 diaboli
838 2764 844 2799 :
871 2742 962 2798 libem
973 2750 1002 2798 et
1013 2743 1136 2799 defende
1147 2743 1276 2798 animam
1288 2744 1362 2816 ejus,
1376 2744 1505 2802 Domin

368 2823 421 2879 Ab
434 2823 553 2879 incursu
575 2823 771 2897 malignorum
791 2823 970 2898 spirituum:
992 2823 1128 2879 liberast
1149 2822 1271 2879 defendo
1292 2824 1427 2881 animam
1444 2827 1471 2901 ej
1500 2853 1505 2859 “

312 2901 446 2959 Domine.

371 2983 401 3038 A
416 2982 522 3038 timore
535 2981 720 3038 inimicorum
734 3005 740 3039 ε
762 2983 855 3039 libera
868 2989 898 3039 et
911 2982 1034 3039 defendo
1048 2984 1176 3039 animam
1191 2983 1263 3057 ejus,
1280 2984 1422 3042 Domine.

371 3062 423 3118 Ab
436 3062 481 3118 ira
494 3067 546 3118 tua
561 3084 566 3119 :
587 3061 724 3118 liberast
738 3063 861 3120 defende
875 3064 1004 3119 animam
1019 3064 1090 3138 ejus,
1108 3064 1241 3119 Domine.

371 3143 403 3198 A
416 3141 605 3198 damnatione
618 3149 776 3218 perpetua:
797 3144 890 3199 libera
904 3151 934 3199 et
949 3144 1070 3200 defendo
1084 3145 1213 3200 animam
1228 3144 1299 3218 ojus,
1317 3144 1456 3202 Domine.

370 3224 402 3280 A
416 3223 508 3298 paenis
522 3223 649 3280 inferni:
671 3223 763 3279 libera
776 3231 806 3281 et
819 3224 941 3280 defende
955 3225 1083 3280 animam
1098 3226 1168 3299 ejuS,
1185 3225 1319 3280 Domine.

371 3305 401 3360 A
416 3304 545 3380 periculo
559 3305 661 3361 mortis
676 3325 682 3361 :
703 3304 796 3361 libera
810 3312 841 3361 ct
854 3305 976 3361 defende
990 3307 1119 3361 animam
1134 3307 1205 3379 ejus,
1222 3305 1357 3361 Domine.

370 3386 401 3441 A
415 3385 542 3460 pondere
556 3391 759 3461 peccatorum:
780 3386 872 3441 libera
886 3392 916 3441 et
931 3386 1053 3441 defende
1067 3386 1195 3442 animam
1211 3385 1282 3460 ejus,
1299 3385 1438 3443 Domine.

370 3465 428 3522 Per
449 3466 621 3523 immensam
642 3466 783 3542 pietatem
798 3473 899 3522 tuam:
920 3465 1057 3521 liberast
1078 3466 1199 3522 defende
1220 3466 1349 3522 animam
1364 3467 1440 3541 ejuS,
1456 3466 1500 3523 D·

311 3564 397 3603 mine.

368 3626 427 3682 Per
441 3628 614 3702 mysterium
635 3634 743 3684 sanotae
757 3626 969 3683 incarnationis
991 3633 1067 3683 tuin:
1088 3627 1182 3683 libera
1196 3633 1226 3683 et
1240 3625 1362 3683 defende
1380 3627 1497 3683 anima

308 3706 380 3780 ejus,
395 3705 534 3764 Domine.

368 3786 427 3843 Per
446 3795 578 3845 sanctam
598 3786 847 3844 circumcisionem
862 3793 963 3844 tuam:
986 3787 1078 3844 libem
1099 3793 1129 3843 et
1149 3787 1272 3843 defende
1292 3787 1424 3844 animam
1439 3790 1503 3862 ejus

310 3865 444 3923 Domine.

368 3945 427 4004 Per
449 3954 579 4006 sanctam
600 3948 816 4024 apparitionem
842 3953 942 4005 tuam:
965 3948 1057 4004 libem
1081 3955 1111 4003 et
1136 3947 1258 4005 defende
1282 3946 1414 4004 animam
1440 3949 1488 4024 eju

309 4027 442 4085 Domine.

365 4106 426 4165 Per
437 4108 618 4184 baptismum
628 4114 714 4164 tuum
730 4129 736 4164 :
760 4108 853 4165 libera
866 4114 897 4165 et
910 4108 1033 4166 defende
1046 4109 1174 4165 animam
1189 4110 1261 4184 ejus,
1277 4107 1417 4165 Domine.

365 4187 423 4246 Per
438 4189 587 4264 jejunium
601 4195 706 4245 tuum:
727 4188 821 4245 libera
834 4195 865 4245 et
878 4189 1001 4246 defende
1015 4189 1144 4246 animam
1159 4190 1231 4263 ejuS,
1248 4188 1383 4245 Domine.

305 4345 334 4402 D
365 4266 424 4326 Per
446 4270 611 4344 passionem
633 4275 664 4325 et
688 4288 804 4327 crucem
828 4275 912 4326 tuam
926 4291 932 4327 :
960 4269 1052 4326 libera
1074 4277 1105 4327 et
1128 4269 1251 4327 defende
1274 4270 1406 4326 animam
1436 4271 1463 4347 ej
1475 4297 1498 4323 ι,

336 4366 440 4406 omme.

364 4425 423 4485 Per
432 4426 594 4503 piissimam
603 4434 727 4486 mortem
738 4436 822 4486 tuam
837 4450 844 4487 ε
867 4428 961 4488 libera
974 4437 1004 4488 ct
1015 4429 1138 4488 defende
1148 4429 1277 4488 animam
1287 4430 1358 4506 ejus,
1371 4429 1505 4492 Domine
