3022 4966
151 335 173 397 8
403 331 492 399 Ordo
513 331 561 397 ad
584 329 865 398 Oaiaclmownum
886 329 1105 397 Faciendum.

212 511 356 571 Exoroizo
370 518 410 586 te,
423 512 577 572 immunde
597 512 731 590 spiritua,
745 514 779 571 in
798 513 920 571 nomine
940 511 1041 571 Patria
1054 519 1086 571 et
1099 512 1172 570 Filii
1185 518 1217 571 et
1230 511 1366 590 Spiritus

152 608 265 682 Sancti,
291 616 327 667 ut
358 628 446 667 exeas
467 616 499 667 et
525 610 643 668 recedas
665 611 704 667 ab
727 610 782 667 hoe
805 608 918 667 famulo
941 608 1001 668 Dei
1024 607 1065 667 N.
1109 608 1179 685 Ipse
1206 609 1289 667 enim
1304 609 1365 668 tibi

151 706 288 783 imperat,
302 704 466 778 maledicte,
481 706 631 779 damnate,
645 706 698 782 qui
712 705 837 783 pedibus
849 723 939 782 super
951 723 1032 763 mare
1042 704 1217 776 ambulavit,
1228 711 1261 763 et
1270 704 1364 764 Petro

152 801 299 879 mergenti
311 801 448 859 dextram
463 802 605 878 perrexit.

213 899 303 974 Ergo,
317 897 472 956 maledicte
486 899 610 970 diabole,
626 918 797 975 recognoaee
815 898 994 957 seutentiam
1012 904 1106 970 tuam,
1120 900 1152 957 et
1164 897 1204 956 da
1215 897 1363 958 honorem

151 995 217 1054 Deo
240 994 311 1053 vivo
334 1000 366 1052 et
388 1013 479 1069 vero3
503 995 542 1052 da
569 994 710 1053 honorem
737 995 812 1053 Jesu
838 995 958 1053 Christo
978 994 1058 1051 Filio
1082 994 1147 1071 ejus
1173 1001 1204 1052 et
1232 994 1364 1071 spiritui

150 1092 260 1151 Sancto
272 1112 282 1165 ;
302 1097 334 1150 et
355 1091 457 1150 reoede
484 1092 522 1150 ab
550 1091 606 1150 hoe
629 1091 741 1149 hamulo
768 1091 827 1149 Dei
854 1091 906 1163 N,
931 1091 1002 1167 quia
1029 1091 1121 1148 istum
1147 1090 1206 1149 aibi
1226 1090 1312 1149 Deua
1332 1096 1365 1149 et

150 1187 299 1245 Dominus
320 1194 422 1245 noster
442 1187 465 1246 J
466 1206 532 1246 esua
554 1187 692 1245 Christus
713 1187 752 1245 ad
770 1207 854 1244 suum
872 1194 1005 1245 sanetum
1026 1187 1154 1264 gratiam
1175 1193 1207 1246 et
1228 1187 1363 1246 benedie-

150 1285 264 1343 tionem
276 1284 450 1360 fontemque
463 1283 652 1360 baptismatis
665 1284 742 1342 dono
760 1303 864 1342 vocare
881 1284 1021 1362 dignatus
1034 1291 1081 1343 eet
1088 1304 1098 1357 ;
1119 1291 1150 1342 et
1167 1284 1223 1343 hoo
1241 1285 1363 1361 signum

151 1386 260 1440 sancta
274 1383 369 1439 crucia
382 1390 417 1438 ut
429 1400 529 1456 aspre.

211 1477 307 1553 Super
311 1476 462 1551 saratinum
475 1479 595 1535 dicatur
610 1478 667 1535 iata
680 1478 783 1549 oratio,
799 1497 865 1535 oum
880 1476 1013 1535 Oremua.

212 1570 295 1630 Deus
308 1573 381 1645 eaeli,
396 1572 479 1630 Deua
501 1579 597 1643 temne,
612 1571 694 1631 Deus
708 1572 888 1647 angelorum,
904 1572 988 1630 Deus
1008 1569 1261 1648 archangelorum,
1277 1570 1363 1630 Deus

149 1668 396 1746 patriarcharum,
411 1668 494 1725 Deus
514 1668 736 1746 prophetarum,
752 1669 834 1727 Deus
854 1667 1064 1744 apostolorum,
1079 1667 1162 1725 Deus
1182 1674 1363 1744 mamyrum,

151 1763 235 1822 Deus
243 1763 451 1835 consessorum,
462 1765 544 1822 Dens
552 1765 801 1841 uirginumDeus
809 1765 943 1822 omniurn
951 1764 1026 1821 bene
1036 1763 1213 1834 viventium,
1220 1762 1307 1823 Deus
1315 1762 1364 1823 cui

153 1858 250 1918 omnis
263 1859 367 1934 lingua
380 1859 538 1916 confitetur
553 1866 584 1917 et
597 1880 684 1918 omne
696 1880 776 1937 genu
789 1861 920 1919 flectitur
932 1860 1102 1931 celestium,
1116 1860 1318 1932 terrestrium,
1332 1865 1364 1919 et

152 1956 360 2027 infernorum3
381 1961 413 2013 te
436 1956 550 2026 invem,
571 1956 709 2030 Domine,
724 1976 813 2032 super
830 1956 907 2013 hunc
925 1957 1068 2013 famulam
1088 1961 1172 2013 tuam
1190 1954 1231 2015 N.
1247 1962 1284 2013 ut
1298 1976 1363 2032 per·

152 2051 260 2110 ducere
287 2071 352 2109 aun
379 2051 509 2129 digneiia
532 2052 570 2110 ad
596 2053 724 2129 grat-ium
750 2053 891 2129 baptismi
914 2053 968 2110 tui
1024 2052 1096 2111 Sine
1122 2050 1181 2110 Per
1206 2051 1363 2110 Christum

154 2147 327 2206 Dominum.

209 2245 370 2321 ddjuralio
392 2263 479 2321 anper
491 2244 642 2320 sariiiimm
666 2251 783 2303 tantum
807 2242 962 2303 Sacerdote
987 2244 1097 2302 diemde
1123 2242 1186 2302 aina
1210 2242 1363 2303 Dominus

151 2341 312 2414 vobiscum,
328 2351 355 2401 et
368 2343 430 2401 eina
445 2343 577 2400 Oromua

210 2438 298 2515 Ergo,
314 2438 469 2496 maledicte
483 2438 607 2509 diabole,
622 2455 795 2513 recognosce
815 2436 994 2494 sententiam
1013 2441 1106 2508 tuam,
1121 2440 1152 2493 et
1164 2434 1203 2493 da
1216 2434 1363 2494 honorem

150 2533 216 2592 Deo
239 2537 310 2592 vivo
333 2542 364 2593 et
387 2554 479 2607 vero;
499 2537 537 2592 da
560 2535 703 2593 honorem
726 2534 801 2592 Jesu
825 2532 952 2602 Christo,
977 2532 1056 2590 Filio
1079 2533 1152 2608 ejna,
1175 2537 1208 2589 et
1231 2531 1364 2608 Spiritui

151 2629 260 2688 Sancto
272 2651 281 2702 ;
304 2637 335 2687 et
362 2631 463 2687 recede
487 2632 524 2687 ab
547 2630 602 2687 lma
625 2631 737 2687 famula
761 2629 821 2686 Dei
843 2629 903 2698 N.;
932 2628 1011 2697 Quia
1032 2628 1120 2685 istam
1143 2627 1200 2684 sibi
1223 2626 1310 2685 Deua
1332 2634 1363 2686 et

151 2725 299 2783 Dominus
323 2732 424 2781 noster
447 2725 468 2782 J
470 2744 536 2782 esus
560 2725 696 2783 Christus
719 2725 758 2782 ad
778 2744 861 2783 suam
882 2731 1013 2782 muctam
1032 2724 1159 2800 gratiam
1177 2729 1208 2780 et
1227 2723 1363 2782 benedie-

151 2821 264 2879 tionem
285 2822 456 2897 fontemque
469 2823 654 2898 baptismatis
668 2824 745 2881 dono
765 2841 870 2880 voeare
887 2822 1027 2898 dignatus
1040 2829 1105 2893 est3
1128 2829 1159 2878 et
1172 2821 1228 2878 hoe
1241 2822 1363 2897 signum

150 2924 259 2976 sanotae
269 2916 311 2998 ᾧ
321 2919 425 2990 crucia,
436 2919 496 2977 Hie
500 2918 602 2994 sociat
611 2920 751 2979 Sacerdos
760 2920 880 2994 aipuum
893 2919 988 2977 crucia
997 2917 1139 2992 insronle
1149 2916 1282 2992 infantie
1296 2938 1363 2977 euni

146 3014 262 3091 pollice,
275 3016 317 3073 ita
326 3015 438 3073 dicem:
457 3017 537 3092 quod
551 3037 605 3075 nos
618 3017 711 3075 fronti
721 3017 784 3091 ejus
799 3016 912 3087 damus,
923 3022 967 3087 tu,
978 3015 1134 3073 maledicte
1147 3014 1274 3087 diabole,
1286 3034 1362 3072 nun·

152 3130 242 3187 quam
256 3113 363 3169 audeea
376 3112 504 3186 violare;
525 3132 577 3189 per
591 3130 659 3171 eum
673 3113 725 3189 qui
735 3119 880 3171 venturus
890 3118 935 3170 est
944 3112 1080 3189 judicare
1090 3112 1173 3168 aives
1184 3115 1216 3168 et
1226 3121 1362 3170 mortuos

153 3213 185 3266 et
198 3209 336 3265 saeculum
351 3227 403 3284 per
416 3210 522 3285 ignem.
566 3209 674 3267 Amen.

212 3310 307 3386 Super
324 3312 475 3386 finitimam
503 3321 618 3370 taliter-m
635 3313 755 3370 dicebar
785 3312 879 3371 oratio
905 3312 1112 3386 indempnem,
1134 3310 1196 3368 aine
1210 3310 1362 3370 Dominae

152 3406 313 3481 vobiscum,
328 3409 379 3466 aad
393 3417 510 3465 tanatum
523 3427 591 3466 euru
605 3407 738 3465 Oremma.

210 3506 293 3563 Deua
317 3506 482 3578 Abraham,
507 3505 591 3564 Deus
617 3505 709 3576 Isaac,
733 3505 816 3562 Deus
837 3504 941 3575 Jacob,
966 3503 1049 3560 Deua
1070 3501 1124 3578 qui
1145 3501 1243 3560 tribus
1264 3501 1361 3561 Israel

144 3601 181 3661 de
204 3602 385 3680 AEgyptiaen
410 3603 555 3660 servitute
579 3601 721 3671 liberasti,
747 3606 779 3658 et
805 3620 858 3677 per
886 3600 1012 3676 Moysen
1039 3598 1185 3655 famulum
1208 3603 1296 3656 tuum
1323 3599 1360 3658 de

146 3698 281 3757 custodia
306 3700 515 3757 mandatorum
543 3704 664 3756 tuorum
688 3696 722 3753 in
745 3696 861 3753 deserto
885 3695 1038 3765 monuisti,
1066 3700 1098 3751 et
1125 3695 1295 3752 Susannam
1323 3694 1358 3752 de

143 3790 218 3852 falae
245 3795 369 3852 crimine
398 3794 532 3852 liberasti
544 3812 552 3865 ;
584 3799 614 3850 te
641 3791 776 3868 supplex,
806 3791 935 3848 Domine
962 3790 1110 3866 deprecor,
1135 3797 1171 3846 ut
1195 3789 1304 3848 liberes
1329 3798 1359 3850 et

147 3888 225 3946 hano
258 3888 402 3946 famulam
435 3895 519 3946 tuam
551 3888 603 3960 N,
636 3894 667 3945 et
700 3887 860 3966 perducere
894 3906 959 3945 eam
993 3885 1124 3964 digneris
1157 3885 1196 3944 ad
1230 3888 1361 3964 gratiam

148 3983 291 4060 baptismi
311 3984 367 4042 tui.

207 4080 297 4158 Ergo,
312 4080 470 4139 maledicte
490 4081 614 4153 diabole,
628 4102 800 4160 rocognosco
814 4082 994 4141 sententiam
1008 4088 1101 4155 tunm,
1117 4087 1148 4140 et
1162 4081 1200 4139 da
1214 4081 1360 4143 honorem

145 4176 211 4237 Deo
236 4178 306 4236 vivo
326 4185 357 4236 et
383 4198 455 4237 vero
466 4199 475 4251 ;
504 4179 543 4237 da
567 4179 708 4239 honorem
735 4183 810 4241 Jesu
831 4181 951 4240 Christo
978 4181 1057 4239 Filio
1081 4182 1145 4257 ejus
1169 4185 1200 4237 et
1228 4179 1361 4257 Spiritui

112 4276 117 4283 ’
146 4275 258 4334 Sancto
269 4295 278 4349 5
298 4283 329 4334 et
352 4276 455 4334 recede
478 4277 517 4333 ab
544 4276 599 4334 bac
623 4278 734 4337 famula
762 4278 820 4337 Dei
847 4278 885 4337 N.
898 4299 911 4349 ,·
932 4278 1003 4354 quia
1026 4279 1115 4336 istam
1139 4277 1197 4334 sibi
1222 4277 1310 4340 Deua
1329 4286 1361 4339 et

146 4371 294 4432 Dominus
318 4380 420 4432 noster
443 4373 533 4432 desua
557 4373 694 4434 chriam
711 4377 749 4434 od
770 4395 855 4433 suam
876 4382 1010 4433 sanctam
1030 4375 1156 4453 gratiam
1171 4380 1203 4433 et
1224 4375 1361 4436 benedie
