2962 4928
312 342 462 410 Maaaal
480 342 589 430 Officee
603 341 701 428 from
714 342 765 409 tae
779 339 947 428 Hecefcrd
960 337 1093 404 Miasal.
1228 337 1309 400 121·

677 600 724 666 11.

254 752 516 812 BENEDIOTIO
552 751 694 811 SUPER
729 751 806 810 Eos
841 750 922 822 QUI
956 746 1156 807 PEREGRE

464 898 468 903 -
508 864 897 925 PROFIOISOUNTUR.

159 1015 219 1074 Isti
232 1015 349 1075 Psalmi
355 1015 457 1091 priato
471 1014 613 1073 dicantar
622 1038 632 1074 .-

160 1096 221 1166 Qui
234 1096 352 1154 habitat
365 1095 446 1172 (xc.)
487 1095 602 1153 levavi
615 1093 714 1154 oculos
728 1093 828 1173 (ccxc.)
868 1092 917 1150 De
929 1089 1084 1169 profundis
1097 1086 1227 1168 (ceeia)

160 1177 264 1234 Gloria
277 1176 370 1234 Patri
415 1176 499 1234 Sicut
513 1181 585 1235 erat.

159 1256 256 1333 Kyrie
270 1257 396 1334 eleyson.
440 1257 559 1315 Christe
572 1257 700 1334 eleyson.
744 1254 841 1332 Kysis
855 1253 980 1331 eleyson

159 1337 250 1395 Pater
263 1343 371 1396 noster.
415 1337 458 1395 Et
470 1357 509 1396 ne
522 1356 584 1396 nos
628 1337 688 1396 Sed
700 1336 801 1395 libera

158 1417 282 1477 Salvum
296 1419 342 1477 fac
355 1438 475 1477 servum
489 1424 595 1477 tuum:

197 1499 281 1557 Deus
294 1519 386 1573 meus,
401 1506 570 1577 sperantem
584 1500 617 1556 in
630 1505 669 1558 ts.

157 1579 231 1638 Esto
245 1581 281 1652 ei,
296 1580 435 1653 Domine,
449 1581 543 1639 turris
556 1579 763 1638 fortitudinis:

197 1660 229 1717 A
241 1661 317 1719 facie
330 1661 452 1719 inimici

156 1739 244 1797 Nihil
257 1742 393 1816 proficiat
405 1741 544 1799 inimicus
556 1740 590 1797 in
603 1759 655 1798 eo:

198 1821 240 1877 Et
252 1821 332 1878 filins
345 1822 515 1896 iniquitatis
528 1839 591 1877 non
604 1823 736 1896 apponat
748 1835 853 1876 nocere
867 1817 903 1874 ei.

158 1900 296 1975 Domine,
311 1901 428 1957 exaudi.

157 1978 305 2036 Dominus
318 1979 479 2039 vobiscum.
523 1979 657 2037 Oramus.

158 2070 268 2129 Oratio.
311 2071 435 2143 Adesto,
465 2070 603 2142 Domine,
640 2068 908 2146 supplicationibus
941 2067 1059 2138 nostris,
1089 2072 1114 2124 et
1148 2073 1238 2124 cetero
1270 2072 1305 2123 at

96 2172 132 2209 aa
169 2172 196 2222 a,
234 2195 240 2208 .
258 2151 324 2208 105.

127 2171 232 2289 prMip
243 2230 353 2289 Oratio.
398 2229 489 2303 Deus,
504 2230 558 2307 qui
571 2230 609 2288 ad
623 2230 718 2287 vitam
732 2229 824 2301 ducis,
838 2236 865 2287 et
878 2236 969 2286 cetera
982 2236 1017 2285 at
1030 2247 1131 2303 supro,
1145 2245 1173 2302 p.
1192 2225 1254 2285 W.

156 2312 229 2369 Alta
243 2311 352 2371 Oratio.
398 2311 481 2370 Deus
494 2311 620 2368 infinitae
635 2310 852 2381 nuisericordiae,
863 2317 889 2368 et
903 2317 994 2379 cetera
1006 2317 1041 2366 ut
1054 2327 1153 2384 aspra,
1169 2326 1197 2382 p.
1216 2308 1281 2365 105.

155 2393 323 2452 Benedictio
331 2412 412 2470 perce
425 2399 452 2451 ct
465 2391 570 2452 bandi.

156 2474 289 2532 Oremus

155 2554 285 2612 Domine
312 2555 386 2613 Jesu
415 2554 542 2626 Christe,
565 2553 617 2630 qui
638 2551 784 2610 ineffabili
807 2557 861 2610 tua
882 2549 1080 2623 miseratione,
1105 2558 1132 2609 et
1156 2559 1246 2610 cetera
1269 2560 1303 2610 ut

94 2657 195 2712 mima
209 2655 237 2712 P·
256 2634 318 2694 27*-
359 2699 363 2704 ,

156 2729 240 2786 Tunc
260 2727 412 2804 imponens
433 2725 503 2786 collo
524 2726 587 2803 ejus
607 2725 706 2786 dact:
734 2725 847 2804 Accipe
867 2725 944 2785 banc
964 2745 1065 2805 peram
1085 2725 1204 2804 signum
1223 2746 1303 2804 pere·

93 2809 278 2887 grinationis.
320 2809 360 2865 ln
372 2809 493 2866 nomine
507 2807 616 2880 Patsis,
631 2816 658 2866 ct
671 2815 769 2866 cetera

154 2890 242 2948 Dans
255 2889 281 2948 ci
295 2889 431 2948 baculam
443 2889 524 2948 dicat
533 2913 543 2950 .·
563 2889 623 2947 Per
635 2888 715 2946 hunc
728 2889 868 2947 baculum
881 2889 1007 2968 accipias
1027 2887 1257 2949 misericordiam
1272 2896 1303 2950 et

95 2971 329 3029 benedictionem
343 2990 361 3027 a
374 2970 439 3029 Deo
453 2969 577 3028 salutmi
590 2975 652 3028 tuo.
696 2970 756 3040 Qui
770 2970 854 3030 vivit

154 3050 321 3126 Salamas
334 3051 410 3109 Isaac
425 3050 601 3123 Oratimcem,
617 3051 678 3109 illoc
685 3052 845 3127 prostratis
858 3051 893 3111 ia
906 3061 1022 3113 ursam.

155 3131 266 3189 Oratio.
310 3131 505 3208 Omnipotens
525 3131 703 3208 sempiterne
724 3132 815 3205 Deus,
831 3133 884 3210 qui
904 3140 949 3192 est
968 3134 1026 3206 via,
1042 3133 1161 3207 veritas,
1176 3141 1207 3194 et
1227 3134 1298 3207 vita,

95 3220 121 3269 ct
135 3221 225 3269 cetera
238 3221 272 3269 act
285 3231 385 3287 supra,
401 3231 428 3288 p.
447 3212 513 3270 104.

153 3292 225 3349 Alia
241 3291 350 3350 Oratio.

154 3371 289 3449 Angelus
312 3371 436 3430 Domini
456 3371 552 3430 bonus
574 3372 733 3429 comitetur
753 3371 812 3430 tibi
834 3373 872 3429 ad
893 3372 1064 3449 dirigendos
1085 3372 1173 3447 pedes
1186 3378 1254 3432 tuos
1267 3375 1300 3432 in

92 3453 174 3509 viam
195 3453 284 3529 pacis,
300 3459 336 3509 ut
349 3458 469 3528 peracto
490 3451 665 3510 obedientiae
688 3470 775 3509 cursu
798 3453 908 3510 iterum
928 3453 967 3510 ad
986 3471 1041 3510 nos
1060 3453 1219 3511 revertens
1232 3473 1299 3513 cum

93 3533 209 3611 gaudio.
253 3532 319 3593 Per.

153 3625 203 3684 Aa
215 3625 439 3685 benedicendum
452 3642 549 3684 cruces
556 3624 787 3701 perceriaoram.

156 3705 284 3764 Domine
307 3712 417 3778 sancte,
433 3706 525 3764 Pater
548 3706 743 3782 omnipotens,
770 3705 822 3783 qui
845 3704 968 3763 unicum
992 3704 1105 3763 Filium
1130 3710 1218 3764 tuum
1242 3707 1300 3766 tibi

93 3792 281 3860 coaeternum,
292 3787 478 3864 coaequalem,
489 3787 829 3863 consubstantialemque
841 3806 896 3863 pro
909 3785 1033 3844 humani
1045 3786 1160 3863 genesis
1174 3792 1301 3846 restaur-

91 3867 192 3926 atione
214 3867 317 3926 Sancti
339 3867 468 3945 Spin'tus
488 3867 659 3945 operatione
679 3867 828 3926 incernaii
841 3866 963 3925 voluisti
973 3888 982 3940 ;
1003 3865 1226 3946 beneffldicem
1239 3869 1300 3947 dig·

92 3967 164 4006 nare
177 3947 254 4005 hanc
268 3967 393 4020 crucem,
408 3955 439 4006 et
453 3955 561 4025 praesta
580 3967 633 4026 per
652 3948 870 4006 invocationem
892 3949 939 4006 tui
961 3948 1139 4007 sanctissimi
1160 3949 1298 4022 nominis,

92 4034 128 4086 ut
142 4029 311 4106 quicunque
326 4028 380 4086 hoc
393 4029 578 4105 signaculum
598 4048 687 4107 super
700 4049 731 4088 se
744 4028 889 4103 habuerit,
905 4035 965 4088 tuae
979 4029 1099 4107 pietatis
1117 4030 1300 4106 protectione

93 4110 228 4167 munitus
256 4109 387 4167 hostium
410 4109 574 4168 visibilium
601 4115 633 4168 et
658 4110 855 4168 invisibilium
888 4110 1128 4188 impugnationes
1161 4129 1300 4187 superare

92 4189 200 4262 valeat,
214 4195 303 4266 teque
323 4189 483 4249 miserante
504 4196 567 4248 tam
589 4191 718 4268 corporis
739 4210 829 4267 quam
851 4190 957 4250 animae
979 4191 1215 4250 incolumitatem
1235 4211 1299 4270 per·

92 4269 192 4346 cipiet.
234 4271 294 4329 Per
307 4271 441 4330 eundem.
484 4271 524 4329 In
537 4272 654 4331 unitate
668 4272 807 4350 ejusdem.

151 4366 266 4426 Deinde
287 4369 439 4444 imponens
460 4388 572 4428 nucem
593 4368 691 4430 dicat:
715 4370 828 4447 Accipe
847 4369 924 4429 banc
945 4390 1062 4430 crucem
1074 4370 1194 4451 signum
1217 4390 1299 4450 pers-

92 4447 275 4525 grinationis.
319 4449 359 4506 In
373 4448 493 4508 nomine
507 4450 616 4524 Petris,
632 4459 657 4510 ct
671 4458 769 4510 cetera.
