3022 4966
423 364 514 433 Ordo
536 317 586 432 ud
606 365 893 433 Gaudiumum
910 366 1136 433 Faciendum
1364 371 1386 434 9

164 548 281 607 tionem
301 547 476 625 fontemque
489 547 680 625 baptismatis
698 547 779 607 douo
798 565 905 607 veeste
916 548 1060 626 dignans
1070 554 1135 622 est;
1153 554 1187 607 et
1198 547 1255 607 hue
1266 548 1387 626 signum

164 645 262 703 erneis
273 643 324 725 ᾧ,
339 653 367 703 et
380 653 482 704 cetera.

225 741 389 817 Adjumtio
400 761 491 818 super
493 740 648 818 smirnam
660 749 781 799 tuntum
792 741 856 801 sine
869 741 1005 800 Oremus.

225 836 372 896 Exoreizo
393 845 434 909 te,
448 837 605 895 immunde
624 837 759 914 spiritus,
772 856 828 915 per
848 837 971 895 Putrem
993 844 1026 895 et
1046 836 1161 894 Filium
1181 843 1215 895 et
1235 836 1384 913 Spiritum

164 932 371 1007 Sanetum‚ut
393 954 481 992 exeas
502 940 535 992 et
559 934 677 992 reeedns
697 935 739 992 sb
758 934 815 992 lise
835 933 949 991 famuh
970 934 1030 991 Dei
1051 933 1093 991 N.
1135 933 1304 1010 Ipneenim
1324 933 1384 990 tibi

161 1029 299 1107 imperat,
316 1031 483 1103 maledicte,
498 1031 648 1104 damnate,
662 1031 717 1107 qui
734 1050 812 1089 eoeeo
831 1038 904 1089 usto
921 1031 1023 1088 oeulos
1041 1031 1160 1107 speruit
1173 1037 1205 1088 et
1223 1029 1384 1105 qusdridu

161 1143 256 1183 snum
271 1127 419 1184 Isssrum
432 1126 470 1184 de
483 1132 678 1184 monumento
690 1126 857 1184 suscitavit
899 1127 989 1202 Ergo,
1004 1126 1161 1184 maledicte
1173 1126 1298 1183 diabole

225 1221 276 1280 Ex
296 1222 368 1280 hine
388 1242 454 1281 vero
476 1223 598 1281 dicatur
619 1231 681 1280 tom
703 1242 793 1298 super
813 1222 980 1281 maedam
1000 1242 1092 1298 queam
1113 1241 1203 1298 super
1218 1220 1379 1297 semiorum,

160 1317 226 1376 sine
240 1318 392 1376 Dominus
405 1319 601 1377 vobiscumet
615 1319 750 1376 Oremus.

223 1413 385 1472 AEternum
405 1434 440 1473 ue
455 1415 656 1492 justissimum
677 1415 822 1491 pietatem
840 1421 926 1471 tunm
946 1414 1095 1490 deprecor,
1117 1414 1256 1484 Domine,
1277 1419 1381 1471 nuncto

161 1508 263 1583 Pater,
279 1513 469 1588 omnipotens
482 1518 596 1570 aetorne
608 1511 700 1584 Deus,
716 1512 770 1588 qui
790 1531 822 1569 es
841 1518 947 1568 auctor
959 1511 1082 1568 luminis
1095 1518 1127 1568 et
1139 1511 1278 1568 veritatis
1290 1530 1380 1586 super

161 1605 242 1664 hunc
265 1606 412 1664 famulum
434 1614 523 1665 tuum
546 1607 614 1679 N.,·
632 1605 691 1665 ut*
709 1607 841 1683 digneris
857 1626 927 1664 eum
942 1606 1114 1664 illuminare
1133 1606 1248 1663 lumine
1269 1605 1379 1663 intelli·

159 1703 269 1779 gentiae
296 1709 379 1762 tnae:
416 1705 529 1762 munds
550 1724 620 1762 eum
651 1711 684 1762 et
706 1706 879 1762 sanctifice:
909 1705 949 1760 ds
971 1704 1001 1761 ei
1020 1703 1176 1761 scientium
1202 1722 1313 1775 rerum,
1341 1708 1379 1759 ut

157 1798 283 1857 idoneus
297 1800 443 1857 efficiatur
456 1801 594 1858 sooedere
604 1800 642 1858 sd
652 1801 782 1877 gratiam
794 1800 938 1877 baptismi
951 1801 999 1857 tui
1012 1821 1020 1858 ε
1041 1806 1144 1859 tenent
1153 1800 1270 1856 firmum
1282 1817 1376 1875 spem,

157 1894 316 1952 eonsilium
339 1902 463 1968 rectum,
484 1896 653 1954 doctrinam
675 1903 809 1954 sunctum
820 1915 830 1968 ;
858 1903 894 1952 ut
917 1902 1007 1972 aptus
1030 1895 1071 1952 sit
1089 1895 1129 1951 ud
1156 1894 1375 1970 percipiendam

156 1988 286 2064 gmtism
300 1991 443 2066 baptismi
456 1992 512 2049 tui.
555 1992 615 2049 Per
628 1992 795 2049 Dominum
808 1999 955 2062 uostmm,
966 1991 988 2048 J
989 2010 1073 2048 esum
1086 1989 1250 2060 Christum,
1262 1989 1375 2046 Filium

158 2091 255 2157 tuum,
279 2087 334 2162 qui
356 2094 457 2145 tecum
480 2088 560 2145 vivit
577 2095 609 2146 et
625 2095 733 2165 regunt
749 2089 784 2144 in
800 2088 918 2145 unitate
940 2087 1072 2163 Spiritus
1092 2085 1197 2144 Sancti
1217 2086 1301 2143 Deus
1322 2104 1376 2161 per

159 2183 261 2239 omnis
274 2181 391 2239 saeculu

222 2276 374 2334 Dominus
386 2275 550 2333 vobiscum.

221 2370 393 2430 Secundum
406 2370 586 2428 Maadoeum

220 2466 261 2523 In
274 2466 328 2523 illo
342 2471 484 2541 tempore,
500 2465 604 2524 Oblati
617 2470 690 2522 sunt
703 2464 726 2523 J
727 2483 779 2522 esu
793 2464 920 2540 parvuli,
936 2469 972 2521 ut
984 2483 1091 2521 munus
1104 2463 1148 2521 eis
1161 2463 1328 2538 imponeret
1342 2469 1376 2522 et

157 2569 266 2622 oraret
311 2562 461 2639 Discipuli
482 2569 584 2620 sutem
608 2564 674 2639 ejus
691 2562 887 2637 increpabant
909 2581 979 2619 eos:
999 2561 1090 2619 Jesus
1106 2567 1207 2618 autem
1227 2560 1272 2618 sit
1292 2560 1353 2618 illis
1362 2590 1374 2643 5

155 2661 255 2718 Sinite
274 2659 417 2737 purvulos
437 2660 540 2718 venire
552 2659 591 2717 ad
604 2679 660 2732 me,
676 2666 708 2717 et
722 2658 816 2717 nolito
835 2678 885 2717 eos
904 2658 1062 2735 prohibere
1071 2677 1081 2730 ;
1100 2657 1207 2715 talium
1227 2664 1273 2715 est
1292 2657 1373 2715 enim

154 2775 281 2834 regnum
295 2756 442 2814 caelorum
487 2757 609 2814 Etcum
623 2756 813 2834 imposuisset
826 2775 932 2815 munus
945 2756 996 2828 eis,
1012 2756 1088 2813 abiit
1101 2754 1180 2812 inde.

215 2854 290 2914 Post
303 2854 500 2930 Evanqelinm
513 2853 655 2914 Sacerdos
668 2854 825 2931 ‘rperriqat
838 2854 947 2913 librum
955 2853 1075 2930 puerot
1087 2853 1130 2911 ud
1141 2851 1344 2912 osculandum

213 2952 311 3029 Super
324 2952 490 3012 nsaserdum
503 2952 687 3029 etsemimm
706 2953 767 3012 ista
786 2952 882 3012 oratio
895 2951 1016 3010 dream
1032 2950 1096 3023 sine
1110 2951 1260 3009 Dominus
1272 2951 1370 3009 robis

153 3063 232 3117 eum,
246 3054 273 3103 et
287 3045 350 3103 siue
364 3045 498 3103 Oremus

214 3139 280 3197 Nee
294 3146 324 3198 te
344 3140 429 3213 lutet,
444 3141 566 3213 Sutuns,
580 3140 738 3199 imminere
751 3138 809 3196 tibi
822 3158 940 3216 paenss3
960 3139 1117 3196 imminere
1127 3137 1185 3196 tibi
1198 3144 1370 3212 tormento5

152 3236 309 3294 imminere
321 3238 379 3294 tibi
392 3238 472 3294 diem
480 3237 599 3314 judicii,
615 3238 694 3295 diem
707 3236 847 3312 supplicii
860 3235 1042 3312 sempiterni,
1057 3236 1136 3292 diem
1149 3236 1204 3312 qui
1222 3242 1369 3295 venturus

152 3338 200 3390 est
212 3331 297 3389 velut
309 3333 444 3390 clibanus
457 3333 574 3404 ardens,
584 3333 618 3390 iu
631 3353 691 3408 quo
703 3333 763 3390 tibi
776 3339 867 3407 etque
879 3332 1024 3389 universis
1037 3331 1150 3407 angelis
1163 3332 1225 3388 tuis
1238 3338 1368 3390 eternus

150 3431 342 3507 superveniet
362 3430 511 3488 interitus
555 3429 695 3502 Proinde,
713 3430 853 3486 damnate
872 3436 963 3504 utque
983 3428 1160 3498 damnande,
1174 3428 1213 3485 ds
1226 3428 1367 3487 honorem

151 3526 220 3585 Deo
243 3525 315 3582 vivo
338 3529 370 3581 et
392 3543 485 3596 ver03
511 3524 550 3581 ds
573 3524 715 3582 honorem
741 3525 764 3582 J
766 3543 818 3581 esu
842 3523 963 3581 Christo
990 3524 1070 3580 Filio
1096 3524 1161 3598 ejus
1185 3528 1216 3580 et
1239 3522 1367 3598 Spiritui

151 3621 264 3680 Sancto
277 3639 287 3692 3
309 3618 342 3675 in
366 3620 451 3695 cujus
474 3618 595 3676 nomine
621 3625 714 3695 utque
740 3619 856 3676 virtute
879 3618 1019 3694 praeeipio
1046 3617 1104 3675 tibi
1131 3616 1299 3692 quicunque
1325 3637 1364 3692 es,

149 3717 276 3796 spiritus
289 3715 453 3787 immunde,
469 3721 506 3773 ut
518 3734 606 3773 exeas
619 3723 650 3774 et
663 3715 783 3773 reeedus
795 3715 834 3772 sb
848 3714 904 3772 hoe
916 3714 1029 3772 famulo
1042 3713 1101 3772 Dei
1114 3712 1164 3785 N„
1176 3733 1264 3790 quem
1278 3715 1366 3777 hodie

151 3817 236 3875 Deus
259 3822 291 3873 et
315 3814 465 3872 Dominus
488 3819 590 3871 noster
609 3813 701 3871 Jesus
722 3811 860 3871 Christus
880 3812 920 3868 ud
942 3831 1025 3870 susm
1045 3817 1179 3870 sanctum
1192 3814 1320 3890 gretiam
1332 3822 1365 3875 et

149 3912 389 3972 benedictionem
402 3911 577 3988 fontemque
596 3911 785 3988 bsptismatis
805 3911 884 3968 dono
904 3930 1009 3970 voeure
1021 3910 1163 3988 dignutus
1176 3917 1241 3986 αις
1261 3918 1297 3971 ut
1309 3913 1364 3973 fist

148 4010 215 4086 ejus
228 4008 374 4085 templum
388 4028 441 4086 per
462 4026 572 4085 uqusm
592 4007 826 4084 regenerationis
845 4008 879 4065 iu
898 4009 1100 4066 remissionem
1114 4009 1248 4068 omnium
1265 4031 1363 4088 peoes·

148 4113 257 4165 torum.
301 4107 341 4164 Iu
364 4107 485 4164 nomine
509 4105 642 4183 ejusdem
665 4105 789 4165 Domini
809 4106 904 4165 nostri
923 4107 947 4165 J
947 4126 999 4166 esu
1014 4106 1135 4180 Christi,
1151 4107 1205 4185 qui
1217 4116 1362 4170 venturus

148 4209 195 4263 est
204 4203 339 4281 judieure
352 4203 438 4262 vivos
451 4210 483 4262 et
496 4210 630 4262 mortuos
643 4209 675 4263 et
687 4203 820 4263 seculum
833 4224 888 4282 per
899 4205 1006 4283 ignem.
1048 4204 1159 4266 Amen.

272 4341 286 4368 ⁹
300 4340 371 4390 York
381 4341 523 4390 lise-“ut
532 4340 729 4391 benedictionem
737 4342 1114 4402 tusminiuudssetdigneris,”
1125 4344 1236 4388 acam.

401 4415 415 4476 f
430 4415 472 4462 sir
480 4414 548 4462 John
558 4413 685 4463 Lemon’s
695 4415 872 4478 sss-“ponae
880 4417 964 4466 torm
973 4415 1106 4476 sepner?
