3022 4966
656 358 683 425 I
680 379 707 424 o
720 358 813 427 Festo
829 355 986 443 Corporis
1001 354 1137 425 christi.

646 622 686 681 Is
706 622 807 681 Fssro
827 620 979 681 Oonronrs
1000 618 1141 678 Onmsrr.

352 782 394 841 In
407 780 487 841 esico
500 778 593 842 Cios-i
605 779 832 858 Responsoriom
842 805 853 841 :

351 880 453 939 Homo
463 878 585 957 quidem
597 879 669 938 fecit
678 899 780 938 cenom
793 898 941 958 msgnom,
955 886 987 938 ot
1000 878 1082 938 misit
1095 897 1214 938 servum
1227 897 1316 937 suum
1329 876 1402 936 hora
1416 896 1498 936 oense

290 976 387 1036 dioere
399 974 535 1034 invitetis
549 981 586 1032 ut
598 975 745 1048 venirent,
760 974 839 1045 Quis
851 980 955 1053 parete
967 981 1039 1034 snnt
1052 975 1160 1033 omnia.

296 1073 325 1133 V.
347 1072 468 1146 Venite,
484 1071 629 1132 comedite
648 1091 756 1151 panem
769 1092 878 1145 meum,
899 1079 930 1131 st
949 1072 1043 1131 bibite
1061 1072 1166 1130 vinum
1180 1072 1261 1148 quod
1280 1071 1386 1130 miseni
1399 1072 1494 1131 robis.

292 1170 370 1243 Quis
383 1176 495 1250 pareto„

349 1268 453 1328 Gloris
466 1268 553 1326 Petri
566 1274 598 1328 et
609 1267 688 1327 Filio
701 1274 733 1327 et
743 1268 871 1346 Spiritui
885 1268 1002 1327 Sancto.
1046 1266 1124 1338 Quis
1137 1273 1249 1344 persto

292 1366 321 1427 V.
343 1365 579 1444 (sacerdotalis).
620 1364 734 1424 Panem
747 1365 784 1425 de
798 1365 868 1424 ooelo
881 1364 1050 1443 praestitisti
1064 1364 1114 1425 eis.
1151 1374 1154 1383 '

351 1460 461 1522 Oratio.

347 1558 441 1631 Deus,
463 1558 516 1636 qni
535 1558 622 1618 nobis
642 1559 697 1617 sub
717 1564 900 1617 sacramento
927 1557 1058 1616 mirabili
1077 1557 1221 1636 passionis
1241 1564 1301 1618 tuae
1323 1562 1496 1621 memoriam

287 1653 455 1733 reliquisti3
487 1654 596 1728 tribue,
620 1673 797 1731 quaesumus,
819 1655 863 1712 ito
879 1673 947 1740 ‚nos
966 1654 1096 1732 eorporis
1116 1660 1148 1713 ot
1167 1655 1320 1732 sanguinis
1340 1657 1387 1714 tui
1413 1678 1497 1717 seem

286 1751 427 1829 mysterio
439 1751 584 1826 venerari,
606 1757 642 1809 ut
661 1750 872 1829 redemptionis
892 1757 952 1810 tuae
965 1751 1097 1810 fructum
1119 1752 1151 1810 in
1172 1753 1258 1810 nobis
1274 1754 1388 1833 jugiter
1406 1757 1497 1814 senti-

285 1867 379 1909 emus.
423 1848 490 1919 Qui.

344 1946 487 2023 Sequitur
499 1943 623 2005 Proso*

452 2044 482 2104 V.
505 2043 602 2116 Solve,
616 2042 692 2102 feste
704 2042 767 2102 dies
780 2048 845 2103 toto
857 2043 1034 2103 venerabilis
1048 2062 1121 2116 sevo,

540 2140 608 2214 Qus
621 2140 705 2200 Dens
717 2139 869 2200 eeclesiam
882 2140 962 2199 diost
975 2140 1086 2199 honore
1100 2160 1193 2199 suem.

908 2236 1030 2297 otono,
1072 2236 1168 2296 Solve.

436 2391 440 2398 '
451 2384 481 2444 V.
504 2384 580 2443 Eoos
593 2383 656 2443 dios
668 2383 738 2443 loets
750 2389 816 2461 post
830 2384 932 2445 tristis
943 2383 1067 2443 Tartaro
1080 2390 1188 2461 spreta,

539 2480 645 2539 (iretis
658 2480 795 2553 suooedit,
811 2480 928 2557 perdito
941 2480 1006 2538 vite
1021 2480 1106 2539 redit

905 2574 1025 2636 Chorus.
1069 2576 1164 2635 Solve.

448 2716 477 2773 V.
502 2716 569 2774 Hoc
583 2735 687 2790 corpus
702 2715 814 2774 Christi
826 2716 943 2772 salvans
956 2715 992 2772 de
1006 2717 1109 2774 funere
1122 2718 1212 2785 tristi,

536 2813 649 2868 Manno
664 2812 812 2887 figumtit,
828 2811 929 2869 littere
943 2812 1038 2887 pm'sea
1052 2814 1140 2870 canit.

901 2906 1022 2965 Chorus.
1066 2908 1162 2966 Salve.

445 3050 475 3113 V.
498 3051 566 3110 Hoc
580 3052 705 3109 verbum
718 3050 820 3108 Petris
833 3051 898 3108 eseli
912 3051 1055 3109 formator
1069 3060 1099 3110 et
1113 3053 1201 3124 orbis,

534 3149 611 3206 Cum
626 3148 715 3206 Patro
729 3152 835 3206 cuncto
849 3154 930 3206 orest
942 3153 973 3205 et
986 3148 1097 3206 deitate
1111 3150 1186 3208 beet.

897 3243 1019 3304 Oltoms.
1063 3245 1156 3304 Salve.

443 3391 473 3452 V.
496 3391 621 3470 Angelis
635 3397 680 3449 est
694 3392 779 3469 panis
792 3411 909 3450 summe
922 3393 1043 3452 refectio
1058 3395 1156 3467 serris,

532 3488 590 3548 Sed
603 3508 691 3546 sensu
705 3489 790 3546 vanis
802 3489 847 3547 nil
861 3489 941 3548 velet
955 3489 1011 3549 iste
1025 3491 1117 3568 panis.

897 3586 1019 3646 Chorus.
1063 3588 1159 3647 Salve.

442 3724 471 3784 V.
495 3723 563 3782 Hoc
578 3742 683 3801 eorpus
696 3742 800 3782 rerum
814 3722 936 3781 firmans
951 3725 1113 3801 primordio
1127 3747 1233 3797 rerum,

531 3821 633 3880 Insere
646 3821 789 3898 confregit
803 3826 893 3899 etque
908 3821 1060 3900 redempto
1073 3825 1157 3901 regit.

895 3916 1016 3977 Cleonis.
1060 3919 1155 3980 Salve.

441 4058 469 4118 V.
493 4056 626 4115 Laudem
640 4057 826 4134 complacuit,
841 4077 960 4117 earnem
973 4061 1037 4118 sine
1051 4061 1163 4120 semine
1176 4066 1313 4140 sumpsit,

529 4153 665 4232 Virginis
678 4161 709 4213 et
723 4155 826 4213 metris
839 4156 952 4214 viscere
965 4176 1047 4215 soors
1060 4158 1162 4234 replet.

894 4252 1016 4315 Chorus.
1060 4255 1155 4317 Salve.

490 4427 502 4454 ⁹
520 4427 574 4476 The
584 4427 679 4489 melody
689 4427 711 4474 is
721 4427 762 4474 the
772 4441 836 4476 some
847 4442 874 4476 os
883 4427 909 4477 in
922 4429 964 4505 tho
975 4428 1044 4477 other
1055 4429 1145 4479 similar
1157 4432 1252 4479 Prosos.
