3022 4966
252 353 295 420 ss
579 349 736 419 oeae
751 348 1132 439 scearamton.

252 534 375 594 calicem
405 534 439 593 in
469 539 587 593 sanctas
615 554 651 593 ao
677 533 862 593 venerabiles
892 552 998 592 manus
1028 551 1107 603 suas,
1145 531 1225 591 Item
1259 531 1318 589 tibi
1350 531 1464 608 gratias

251 629 576 711 agens,bene-1⁴dixit,
599 631 741 708 deditque
758 631 912 707 discipulis
932 630 1004 703 suis,
1023 628 1132 700 dicens,
1155 627 1293 705 Accipite
1314 634 1347 686 et
1368 628 1463 689 bibite

253 749 293 787 ex
320 748 356 787 eo
383 748 492 786 omnes.
549 729 612 786 Hic
639 736 685 787 est
712 729 792 787 enim
819 728 898 786 celis
924 726 1078 804 sanguinis
1107 724 1168 783 mei
1197 723 1270 781 nori
1297 729 1330 782 et
1357 725 1463 783 artemi

253 826 435 897 testamenti,
461 826 637 902 mysterium
661 826 739 898 fidei,
766 826 820 903 qui
845 845 900 902 pro
923 825 1008 885 vobis
1031 829 1064 882 et
1087 841 1140 900 pro
1162 821 1267 879 multis
1290 821 1463 881 effimdetur

252 924 287 982 in
316 924 520 983 remissionem
550 930 747 1001 peccatorum.
800 923 877 982 Haec
906 922 1142 1000 quotiescunque
1171 918 1313 992 feceritis,
1343 919 1378 976 in
1404 917 1463 977 mei

255 1021 427 1080 memoriam
449 1021 574 1080 facietis.

316 1118 409 1179 Unde
429 1124 460 1176 et
480 1137 632 1190 memores,
651 1117 790 1191 Domine,
813 1136 867 1176 nos
889 1117 937 1175 tui
959 1114 1038 1175 servi
1059 1113 1111 1172 sed
1131 1120 1163 1172 et
1181 1113 1265 1190 plebs
1285 1120 1341 1173 tua
1362 1119 1463 1173 sancte

254 1215 387 1293 ejusdem
401 1214 515 1273 Christi
529 1215 601 1272 Filii
619 1214 666 1272 tui
679 1214 804 1273 Domini
817 1214 876 1273 Dei
889 1215 984 1272 nostri
996 1220 1060 1271 tam
1072 1212 1167 1270 beate
1180 1211 1336 1288 pensionis,
1349 1229 1463 1271 necnon

254 1319 286 1371 et
298 1314 337 1371 ab
350 1313 454 1372 inseris
467 1311 701 1383 resurrectionis,
713 1311 764 1369 sed
778 1311 857 1369 etin
869 1311 955 1370 caelos
968 1309 1101 1388 gloriose
1115 1310 1303 1382 ascensionis,
1314 1310 1464 1368 offerimus

254 1411 402 1487 praeclarae
416 1410 567 1487 majestati
581 1416 641 1466 tuae
655 1409 692 1467 de
704 1409 767 1466 tuis
781 1409 867 1467 donis
880 1428 914 1468 ac
927 1409 1006 1467 datis
1021 1407 1149 1465 hostiam
1165 1405 1321 1487 pudeam,
1335 1406 1462 1466 hostiam

255 1504 436 1586 eanffictam,
456 1506 585 1564 hostiam
605 1503 877 1586 immacutlelatam,
891 1503 1039 1586 palmam
1059 1512 1194 1564 sanctum
1208 1505 1279 1563 ritae
1293 1512 1423 1578 aeterne,
1435 1508 1464 1563 ot

254 1602 417 1682 cali›1‹oem
430 1604 537 1661 salutis
551 1609 710 1680 perpetuae.

317 1699 416 1776 Supra
437 1719 504 1775 quae
526 1700 657 1776 propitio
678 1719 713 1759 ac
734 1719 838 1759 sereno
860 1699 951 1758 vultu
971 1699 1114 1776 respicere
1134 1699 1273 1776 digneris,
1296 1707 1330 1759 et
1348 1705 1466 1777 accepte

255 1793 374 1865 habere,
395 1795 474 1853 sicut
493 1803 613 1872 accepta
632 1795 742 1855 habere
762 1796 904 1874 dignatus
924 1815 955 1854 es
975 1815 1100 1854 munera
1119 1796 1205 1872 pueri
1224 1795 1274 1854 tui
1289 1797 1371 1873 justi
1390 1791 1468 1856 Abel

257 1895 289 1949 et
312 1891 490 1948 sacrificium
516 1891 693 1968 patriarchae
716 1894 813 1952 nostri
835 1893 977 1964 Abrahae,
1002 1899 1034 1951 et
1060 1894 1139 1970 quod
1167 1893 1225 1952 tibi
1251 1893 1369 1952 obtulit
1393 1911 1469 1953 sum·

257 2007 325 2046 mus
352 1989 486 2046 sacerdos
513 1996 584 2048 tuus
611 1989 838 2061 Melchisedech,
868 1995 1004 2047 sanctum
1031 1989 1219 2062 sacrificium,
1243 1988 1466 2049 immaculatam

258 2084 396 2144 hostiam.

319 2183 474 2261 Supplices
487 2189 519 2242 te
532 2203 679 2260 rogamus,
690 2184 879 2261 omnipotens
893 2183 985 2256 Deus,
996 2183 1071 2260 jube
1083 2183 1146 2241 haec
1159 2182 1284 2260 perferri
1297 2202 1353 2260 per
1365 2201 1470 2243 manus

258 2281 354 2340 sancti
368 2281 466 2357 angeli
480 2281 528 2339 tui
541 2280 575 2337 in
588 2280 716 2339 sublime
735 2279 831 2338 altare
851 2287 947 2352 tuum,
962 2279 995 2337 in
1008 2285 1167 2356 conspectu
1180 2279 1292 2337 divinar
1306 2279 1470 2356 majestatis

258 2382 328 2450 tnae,
343 2384 380 2435 ut
401 2383 552 2454 quotquot
573 2397 612 2435 ea
633 2377 689 2434 hae
711 2376 829 2434 Altaria
850 2376 1086 2453 participatione,
1101 2382 1325 2435 sacrosanctum
1338 2375 1470 2435 Filiitui

259 2472 407 2553 corfflpnr
424 2480 455 2531 et
472 2472 688 2554 sanfflguinem
707 2475 928 2550 sumpserimus,
948 2474 1030 2532 omni
1048 2472 1295 2553 beneldictione
1316 2474 1432 2534 eaelesti
1443 2478 1471 2533 st

261 2572 358 2647 gratia
379 2570 554 2646 repleamur.
599 2570 659 2629 Per
680 2572 808 2630 eundem
829 2572 937 2631 Jesum
961 2570 1115 2629 Christum
1137 2570 1302 2629 Dominum
1325 2578 1467 2630 nostum

263 2668 372 2726 Amen.

321 2764 475 2822 Memento
495 2766 596 2839 etiam,
614 2764 753 2836 Domine,
768 2764 947 2822 famulorum
967 2764 1206 2842 famularumque
1225 2773 1350 2824 tuarum
1364 2767 1407 2825 N.
1422 2762 1469 2843 qui

262 2879 317 2919 nos
334 2870 548 2937 precesserunt
569 2883 637 2921 cum
659 2863 744 2940 signo
760 2863 838 2935 fidei,
854 2869 886 2920 et
899 2863 1053 2921 dormiunt
1075 2864 1108 2920 in
1129 2882 1233 2921 somno
1251 2864 1341 2940 pacis
1386 2863 1470 2942 Ipsis,

264 2957 403 3031 Domine,
420 2966 450 3018 et
464 2960 600 3018 omnibus
621 2961 653 3018 in
675 2960 795 3018 Christo
815 2960 1036 3037 quiescentibus
1056 2960 1154 3018 locum
1174 2960 1331 3037 refrigerii,
1345 2960 1432 3033 lueis,
1444 2962 1471 3018 ot

264 3057 345 3134 pacis
372 3065 408 3115 ut
434 3057 588 3135 indulgeas
618 3057 817 3135 deprecamur.
874 3058 934 3117 Per
959 3058 1086 3116 eundem
1119 3057 1274 3116 Christum
1309 3057 1470 3118 Dominum

265 3161 409 3212 nostrum.
452 3156 560 3213 Amen.

328 3250 360 3307 N
362 3252 425 3309 obis
439 3271 557 3327 quoque
570 3252 774 3329 peecatoribus
786 3251 906 3310 famulis
920 3252 990 3324 tuis,
1002 3252 1039 3310 de
1049 3252 1244 3310 multitudine
1253 3251 1470 3312 miserationes

267 3349 390 3404 tuarum
416 3348 614 3424 sperantibus,
643 3355 758 3426 partem
785 3349 917 3426 aliquam
943 3356 975 3407 et
1001 3350 1172 3408 societatem
1197 3349 1310 3407 donare
1336 3346 1471 3427 digneris,

269 3462 338 3502 cum
361 3445 423 3502 tuis
450 3447 561 3504 sanctis
585 3447 739 3522 Apostolis
762 3454 794 3505 et
817 3446 1012 3521 Martyribns,
1042 3465 1110 3505 cum
1137 3446 1285 3517 Johanne,
1315 3445 1472 3525 stephano,

269 3539 413 3615 Matthia,
435 3542 584 3617 Bernaba,
608 3542 738 3620 Ignatio,
762 3542 945 3616 Alexandro,
975 3541 1160 3615 Marcellino,
1185 3542 1287 3615 Petro,
1313 3541 1474 3613 reliana

268 3636 428 3716 Perpetua,
447 3639 579 3716 Agatha,
601 3639 703 3711 Lucia,
720 3639 847 3717 Agnete,
868 3637 996 3711 Caecilia,
1013 3639 1184 3712 Anastasis,
1204 3644 1236 3696 et
1253 3657 1327 3698 cum
1343 3639 1475 3710 omnibu!

268 3732 386 3793 Sanctis
416 3735 491 3793 tuis:
525 3736 608 3795 intra
638 3756 764 3814 quorum
794 3755 849 3794 nos
879 3737 1060 3794 consortium
1090 3756 1152 3795 non
1185 3735 1342 3796 oetimator
1372 3730 1474 3807 merit

269 3831 321 3889 sed
339 3831 443 3903 venire,
463 3852 641 3909 quaesumus,
662 3833 787 3912 largitor
805 3833 941 3892 admitte.
984 3833 1043 3891 Per
1056 3833 1209 3892 Christum
1228 3832 1404 3895 Dominum
1419 3848 1476 3894 nos·

270 3929 361 3987 trum.
404 3927 514 3986 Amen.

332 4022 393 4081 Per
419 4042 507 4100 quem
527 4025 720 4102 haecomnia,
748 4026 886 4101 Domine,
914 4045 1030 4104 semper
1055 4026 1134 4085 bona
1154 4044 1236 4086 creas
1263 4028 1477 4114 sancti-Neu,

271 4118 454 4201 rivifflficas,
468 4121 668 4204 benebdicis,
682 4131 714 4184 et
726 4131 849 4203 prestas
861 4125 954 4184 nobis

333 4219 393 4277 Per
411 4218 555 4300 Ipffisum
572 4228 603 4280 et
620 4241 687 4280 cum
706 4221 817 4303 Ipslnso
830 4230 862 4281 et
874 4223 906 4281 in
921 4221 1033 4303 Ipsleo
1046 4221 1164 4281 esttibi
1177 4220 1243 4278 Deo
1258 4219 1355 4284 Patri
1368 4216 1479 4303 omubl⁴

270 4318 388 4394 potenti
401 4318 435 4375 in
448 4317 566 4377 unitate
582 4316 874 4398 Spiritusvlassaucti
893 4320 990 4380 omnis
1010 4319 1107 4380 honor
1118 4324 1151 4379 et
1162 4318 1268 4398 gloria.
1312 4320 1382 4384 Per
1393 4319 1479 4385 omni

270 4415 378 4473 saecula
391 4416 575 4477 seculorum.
