3022 4966
340 376 390 443 In
403 375 497 442 Festo
510 372 622 440 unius
640 369 1075 459 violamentum
1241 371 1305 434 sol

166 660 256 720 Miles
279 659 393 720 christi
413 658 538 737 glorioso
559 657 599 717 N.
624 656 818 729 mndimime,
838 655 905 715 Tuo
926 655 978 731 pio
1000 654 1183 725 interventu,
1198 650 1310 729 (lulpu

107 762 225 816 nostrus
237 757 333 816 ablue.

113 852 144 913 V.
167 854 217 913 Ut
229 853 354 912 ealmtis
368 852 453 928 regni
464 850 562 910 sedem
576 849 728 908 valeam
739 848 886 907 sundere.
927 847 1000 906 Tuo.

169 949 274 1009 Gloris
287 948 373 1007 Patri
386 955 418 1007 et
430 948 508 1007 Filio
521 955 553 1007 et
566 948 694 1026 Spiritui
706 945 824 1006 Sancto.
865 944 983 1021 colpus

115 1044 145 1104 l'.
160 1044 390 1123 (maele).
433 1044 536 1104 Gloria
561 1051 593 1103 et
612 1044 723 1103 honore
741 1043 890 1101 eorumsti
914 1062 992 1115 eum,
1014 1041 1161 1099 Domine:
1191 1046 1224 1098 et
1243 1059 1310 1098 eon

111 1142 240 1201 stituisti
253 1163 321 1201 eum
334 1163 424 1221 super
436 1163 524 1221 opem
535 1163 680 1201 manuum
691 1149 819 1200 tuarum.

174 1239 285 1300 Oratio.

172 1335 294 1409 Prasia,
312 1357 490 1415 quaesumus,
509 1339 697 1416 omnipotens
720 1337 811 1409 Deus,
826 1337 928 1414 utqui
943 1336 1025 1393 besti
1043 1335 1085 1393 N.
1104 1335 1244 1412 martyris
1263 1333 1312 1392 tui

110 1433 249 1492 natalitia
271 1434 402 1509 solimus,
423 1436 632 1495 intercessione
653 1437 719 1514 ejus
738 1437 773 1493 in
789 1436 838 1493 tui
857 1435 988 1492 nominis
1008 1453 1109 1492 umore
1128 1434 1310 1492 roboremur.

112 1530 174 1589 Per
187 1530 346 1590 Christum

457 1661 498 1719 Ιιι
517 1661 618 1721 Fnsro
637 1677 732 1721 mnus
752 1662 964 1720 Cossmsonm

169 1722 347 1802 Antiphone.

173 1821 329 1881 confessor
352 1822 477 1882 Domini
497 1822 550 1893 N„
571 1829 719 1881 astantem
738 1823 855 1899 plebem
878 1823 1034 1880 eorrobora
1053 1827 1156 1880 sancta
1174 1822 1314 1879 intermes-

109 1917 201 1992 siono‚
214 1925 251 1977 ut
271 1920 325 1995 qui
344 1920 489 1978 vitiorum
502 1919 632 1994 pondere
644 1919 816 1995 premimur,
830 1919 1025 1976 beatitudinis
1044 1927 1105 1976 tue
1128 1919 1224 1994 gloria
1246 1915 1314 1974 sul>

113 2012 254 2087 levemur,
270 2022 302 2072 et
317 2022 346 2072 te
359 2016 434 2074 duee
448 2021 560 2072 aeterna
572 2014 694 2091 praemia
707 2033 929 2090 consequamur.

171 2111 248 2170 Item
268 2112 362 2169 usim
385 2111 556 2187 confessoris
575 2111 821 2187 Responsorium:
852 2110 942 2168 Miles
963 2109 1086 2181 Christi,
1103 2119 1139 2167 st
1158 2128 1260 2186 supro,
1280 2109 1315 2166 ιἰι

111 2206 198 2266 Festo
211 2207 305 2264 unius
318 2208 467 2283 usortyris.

119 2302 149 2361 V.
165 2301 394 2380 (sacerdotalis).
430 2302 557 2360 Amavit
570 2321 638 2361 eum
652 2301 808 2374 Dominus,
823 2307 855 2359 et
867 2302 985 2360 ornavit
998 2321 1075 2359 eum.
1118 2301 1202 2360 Stols
1213 2301 1315 2378 glories

114 2397 216 2456 induit
232 2418 309 2457 eum.

178 2495 289 2554 Oratio.

176 2591 235 2665 Da,
249 2611 426 2671 quaesumus,
441 2593 627 2670 omnipotens
648 2593 740 2664 Deus,
754 2600 792 2652 ut
809 2594 890 2651 beuti
910 2593 951 2667 lt.
966 2592 1138 2651 confessoris
1159 2592 1206 2650 tui
1226 2597 1318 2668 atque

116 2689 264 2765 pontificis
285 2689 453 2747 venerenda
474 2689 656 2748 sollemnitas
669 2697 700 2748 et
712 2691 900 2749 devotionem
919 2692 1004 2749 nobis
1016 2697 1124 2769 augeat
1136 2697 1168 2750 et
1181 2690 1314 2749 mlutem.

116 2784 176 2844 Per
190 2786 342 2845 Christum
356 2786 521 2845 Dominum
535 2793 677 2845 nostrum.
720 2790 828 2847 Amen

176 3050 412 3127 mem
492 2987 533 3046 Is
553 2986 652 3046 Festo
671 3003 764 3046 umus
788 2987 940 3046 Vmoms.

236 3148 263 3206 Ο
277 3154 373 3207 mater
385 3153 488 3206 nostra
501 3154 548 3207 ter
559 3155 661 3207 sancta
673 3157 837 3226 quaterque
849 3150 946 3221 besta,

238 3246 314 3304 (lum
327 3265 412 3323 preee
425 3247 534 3305 devota
546 3246 744 3304 famulantum
757 3267 872 3324 suscipe
885 3255 963 3321 sota,

238 3343 261 3401 J
261 3363 310 3401 sm
324 3343 443 3402 Christo
452 3344 560 3420 juncta
572 3364 735 3422 sponsoque
748 3351 802 3402 tuo
815 3345 932 3402 sociata
975 3344 1052 3401 Cum
1065 3363 1158 3420 preee.

179 3439 283 3498 Gloria
296 3438 382 3498 Patri
394 3445 426 3497 et
438 3439 516 3498 Filio
529 3446 560 3498 et
573 3440 699 3516 Spiritui
713 3440 830 3497 Sancto.
872 3440 949 3497 Cum
963 3458 1056 3515 preoe.

125 3534 156 3594 Υ.
165 3535 401 3614 (suoerdotolia).
444 3537 561 3595 Diffusa
573 3544 618 3595 est
631 3538 728 3615 gratis
740 3538 773 3595 in
785 3537 872 3595 labiis
885 3537 952 3595 tuis

182 3631 293 3691 Oratio.

180 3727 272 3801 Deus,
300 3729 353 3807 qui
378 3748 433 3789 nos
458 3730 552 3789 beate
578 3730 619 3789 N.
648 3731 774 3806 virginis
800 3736 831 3788 et
861 3728 1001 3804 martyris
1031 3732 1091 3785 tue
1120 3726 1318 3787 sollemnitate

120 3824 252 3884 letificas
260 3846 270 3898 ;
291 3826 416 3884 ooneede
435 3827 592 3903 propitius,
603 3833 641 3884 ut
653 3828 718 3905 ejus
737 3827 914 3904 adjuvemur
934 3824 1049 3882 meritis
1070 3825 1155 3901 eujus
1175 3824 1321 3883 castitatis

119 3923 297 3982 irradiamur
310 3924 461 4002 exemplis
504 3925 564 3984 Per
576 3925 737 3985 Christum.

182 4165 286 4225 omno
362 4100 403 4158 Is
423 4100 523 4160 Fnsro
543 4117 636 4161 umus
657 4100 805 4160 Vmoms
826 4116 888 4159 sos
908 4099 1082 4158 Maestum.

182 4263 378 4341 Omnipotens
388 4262 566 4339 sempiterne
574 4262 664 4336 Deus,
675 4263 714 4321 ds
723 4264 809 4322 nobis
819 4263 852 4320 in
862 4262 1025 4321 festivitate
1034 4262 1128 4319 beatas
1142 4256 1183 4316 N.
1198 4256 1323 4336 virginis

121 4362 181 4415 tuse
202 4377 332 4436 oongrua
352 4355 508 4415 devotione
528 4355 663 4432 gaudete,
678 4363 714 4415 ut
728 4364 760 4416 et
772 4357 937 4434 potentiam
954 4364 1038 4415 tuam
1058 4355 1092 4412 in
1111 4353 1175 4432 ejus
1192 4351 1323 4411 transitu

121 4453 275 4514 laudemus
288 4461 320 4514 et
333 4453 487 4532 provisum
500 4451 586 4510 nobis
599 4454 793 4532 percipiamus
805 4454 960 4513 auxilium
1003 4452 1063 4512 Per
1076 4451 1236 4511 Christum
