3022 4966
104 343 108 352 ·
159 325 200 390 56
511 317 766 388 commodatio
787 318 1012 388 Animorum

152 503 380 563 similitudinem
402 509 488 563 tuam
515 503 659 581 inspirare
686 502 826 578 dignatus
852 522 892 576 ca,
914 501 987 561 dum
1010 508 1042 562 te
1061 502 1188 580 jubente
1211 503 1313 581 pulvis
1334 505 1366 562 iu

151 601 305 680 pulverem
330 602 511 674 revertitur3
536 607 571 659 tu
594 600 755 677 imaginem
782 606 867 658 tuam
893 619 962 659 cum
988 601 1099 659 auctis
1124 607 1157 659 at
1182 600 1286 660 electis
1305 603 1369 662 tuis

152 699 272 757 aeternis
285 698 404 757 sedibus
424 698 576 776 precipias
597 699 711 771 sociari,
726 717 850 775 eamque
862 698 900 757 ad
920 706 952 757 te
971 705 1172 758 revertentem
1186 699 1224 759 de
1237 700 1368 779 AEgypti

150 796 286 874 partibus
310 796 417 856 blande
436 796 604 875 leuiterque
628 797 779 874 suscipias,
795 803 827 854 et
846 795 965 874 angelos
986 802 1055 854 tuos
1072 803 1188 855 muetos
1202 798 1231 855 ei
1244 798 1366 856 obviam

152 894 263 964 mittas,
290 893 430 971 viamque
457 894 503 952 illi
526 893 654 971 justitiae
674 893 851 966 demonstra,
879 900 911 951 ct
937 898 1038 970 portas
1063 892 1165 969 gloria
1191 899 1253 952 tuae
1274 895 1364 971 aperi.

152 990 285 1067 Repelle,
296 1010 473 1066 quaesumus,
485 991 524 1049 ab
537 1010 572 1049 ea
585 1009 687 1049 omues
700 990 848 1067 principes
858 990 1057 1062 tenebrarum,
1072 996 1104 1047 et
1116 1009 1240 1067 agnosce
1253 990 1367 1068 deposi-

151 1094 218 1146 tum
239 1087 325 1146 fidele
345 1088 424 1164 quod
444 1094 532 1146 tuum
553 1093 606 1147 est
649 1086 781 1162 Suscipe,
803 1087 941 1160 Domine,
963 1092 1129 1145 creaturam
1149 1092 1235 1145 tuam
1250 1106 1314 1146 non
1327 1107 1367 1146 ex

151 1183 209 1243 diis
222 1183 327 1242 alienis
341 1190 479 1258 creatam,
493 1185 544 1243 sed
565 1204 584 1242 a
603 1189 634 1242 te
648 1182 710 1242 solo
730 1183 796 1241 Deo
813 1183 883 1240 vivo
900 1191 932 1242 ct
948 1203 1041 1242 vero:
1065 1183 1136 1260 quia
1154 1202 1217 1242 non
1229 1192 1276 1242 est
1289 1183 1367 1242 alius

151 1287 261 1348 Proeter
280 1287 320 1351 te,
335 1280 474 1354 Domine,
488 1287 520 1339 at
539 1300 601 1339 non
617 1285 664 1338 est
681 1279 843 1338 secundum
863 1299 953 1356 opera
970 1286 1032 1338 tua.
1075 1279 1217 1352 Laetifioa,
1240 1280 1366 1339 clemen·

150 1378 263 1438 tissime
277 1379 369 1451 Deus,
385 1380 516 1437 animam
536 1379 617 1437 servi
636 1376 692 1451 tui,
708 1383 739 1436 et
759 1377 888 1436 clarifica
900 1398 965 1436 eam
985 1379 1019 1436 in
1037 1377 1233 1437 multitudine
1252 1379 1365 1438 miseri-

150 1476 256 1533 cordiae
270 1481 339 1533 tuae.
382 1475 431 1533 Ne
451 1475 628 1548 memineris,
644 1493 822 1551 quaesumus,
845 1473 983 1549 Domine,
997 1475 1193 1552 iniquitatum
1210 1477 1277 1552 ejus
1290 1477 1366 1534 anti-

150 1591 277 1648 quarum
291 1580 323 1631 et
344 1574 523 1631 ebrietatum
543 1574 607 1648 ejus
628 1591 701 1649 quas
722 1572 878 1629 suscitavit
898 1572 983 1630 furor
999 1572 1072 1630 mali
1088 1572 1235 1631 desiderii
1280 1573 1367 1632 Licet

149 1671 230 1728 enim
244 1671 417 1747 peccaverit,
431 1677 532 1728 tamen
546 1677 576 1729 te
595 1689 657 1727 non
676 1671 807 1746 negavit,
822 1670 873 1728 sed
890 1671 975 1748 signo
988 1670 1059 1729 fidei
1071 1669 1240 1747 insignitus,
1256 1677 1297 1744 tc,
1313 1673 1365 1749 qui

149 1766 250 1824 omnia
262 1775 294 1825 et
307 1787 376 1825 eum
388 1768 470 1824 inter
482 1767 582 1824 omnia
594 1765 702 1839 fecisti,
716 1765 845 1824 fideliter
857 1766 1003 1825 exoravit
1047 1765 1107 1836 Qui
1120 1767 1199 1825 vivis
1212 1773 1244 1825 et
1258 1787 1364 1844 regnas

151 1860 241 1935 Deus,
257 1883 310 1940 per
323 1865 423 1922 omnia
435 1862 542 1921 saccula
551 1864 732 1922 saeculorum.
775 1864 883 1924 Amen.

210 1958 393 2037 Antiphone.

210 2058 326 2118 Chorus
343 2060 517 2136 augelorum
530 2064 561 2117 te
574 2059 725 2135 suscipiat,
740 2065 771 2116 ct
783 2058 816 2116 in
830 2058 899 2116 sinu
911 2058 1044 2118 Abrahae
1057 2065 1088 2119 te
1101 2057 1234 2134 collocet,
1249 2066 1280 2118 et
1294 2078 1360 2118 cum

148 2155 260 2216 Lazaro
273 2158 424 2235 quondam
437 2175 567 2235 paupere
580 2161 722 2214 aeternam
735 2156 843 2214 habeas
857 2156 997 2233 requiem.

208 2256 355 2316 Peolmua
399 2255 503 2315 Dilexi
515 2254 657 2332 quoniam
674 2253 744 2331 (Pe.
761 2252 856 2329 cciv.)

208 2353 358 2414 Paalmus.
402 2354 522 2412 Credidi
535 2358 657 2430 propter
670 2351 750 2428 quod
763 2351 831 2429 (Pa.
848 2352 927 2429 maa)

207 2450 353 2511 Psalmus.
398 2451 532 2510 Laudate
545 2449 712 2508 Dominum
724 2449 796 2525 (Pr.
812 2449 905 2525 ccci.)

206 2545 353 2606 Paalmua.
398 2546 591 2606 Confitemini
603 2546 671 2624 (Pa.
687 2546 795 2622 cccii)

208 2643 353 2701 Paulinus.
398 2643 485 2699 Beati
497 2642 671 2700 immaculat
683 2641 751 2718 (Pa.
767 2640 862 2700 cxviii.
879 2662 970 2717 usquc
984 2641 1119 2718 infinem
1133 2641 1278 2721 Psalmi).

208 2735 390 2813 Antiphone.

208 2832 323 2890 Chorus
342 2831 515 2909 angelorum
529 2838 559 2890 te
572 2834 715 2911 suscipiat
728 2842 758 2893 et
772 2836 804 2893 in
822 2836 890 2893 sinu
908 2835 1040 2894 Abrahae
1053 2842 1084 2895 te
1097 2836 1230 2910 collocet,
1246 2844 1356 2896 etcum

151 2930 261 2988 Inzaro
275 2929 425 3006 quondam
439 2948 567 3006 paupera
585 2937 729 2988 aeternam
742 2932 858 2990 habeas

209 3026 358 3102 Requiem
372 3032 513 3099 aeteruam
527 3027 605 3085 dona
618 3028 670 3100 eis,
686 3028 816 3087 Domine
831 3052 837 3089 :

208 3123 251 3181 Et
264 3125 318 3181 lux
332 3129 476 3201 perpetua
489 3125 587 3182 luccat
600 3125 652 3185 eis.

207 3219 305 3296 Kyrie
319 3219 445 3296 eleyson.
490 3220 609 3279 Christe
623 3220 751 3297 eleyson.
793 3221 890 3298 Kyric
903 3221 1031 3298 eleyson.

207 3315 300 3375 Pater
312 3322 422 3375 noster.

206 3413 340 3473 Oramus.
385 3413 496 3474 Oratio.

204 3512 274 3571 Diri
294 3513 428 3571 vulneris
449 3513 585 3571 novitate
611 3512 743 3590 percussi
766 3519 797 3571 et
825 3513 1042 3590 quodammodo
1062 3513 1200 3573 cordibus
1220 3515 1353 3586 sauciati,

143 3608 373 3668 misericordiam
393 3616 486 3682 tuam,
509 3609 615 3667 mundi
635 3609 827 3685 Redemptor,
842 3610 991 3668 flebilibus
1010 3610 1132 3668 vocibus
1152 3610 1354 3688 imploramus,

143 3712 179 3764 ut
192 3709 252 3766 cari
268 3707 364 3766 nostri
384 3707 515 3764 animam
536 3706 575 3763 ad
594 3713 678 3764 tuam
699 3705 895 3776 clementiam,
911 3706 963 3780 qui
977 3705 1043 3765 fons
1063 3707 1184 3784 pietatis
1205 3727 1246 3780 es,
1261 3729 1354 3768 rever·

142 3808 265 3876 tentem,
279 3802 389 3860 blande
407 3803 572 3879 leniterque
585 3802 736 3879 suscipias,
752 3808 783 3859 et
795 3822 868 3879 quas
881 3802 935 3860 illa
947 3823 986 3860 cx
999 3804 1112 3862 carnali
1125 3807 1354 3864 commoratione

143 3899 293 3956 contruxit
311 3897 449 3969 maculas,
465 3904 500 3955 tu
514 3898 596 3956 Deus
615 3898 723 3956 inclita
742 3898 876 3956 bonitate
896 3899 1057 3958 clementer
1077 3900 1182 3974 deleas,
1198 3901 1247 3979 pie
1260 3901 1355 3960 indul-

142 4013 219 4071 geas,
234 3995 378 4052 oblivioni
391 3994 424 4052 in
438 4001 615 4071 perpetuum
636 3997 736 4054 tradas
756 4003 846 4074 atque
866 3996 943 4054 hauc
963 3997 1081 4057 laudem
1094 3999 1152 4057 tibi
1166 4019 1235 4058 cum
1250 4002 1354 4060 ceteris

143 4090 327 4148 reddituram
354 4097 386 4148 et
412 4092 449 4151 ad
477 4111 582 4168 eorpus
610 4093 785 4171 quaudoque
814 4113 999 4153 reversuram
1032 4102 1203 4155 sanctorum
1232 4106 1353 4158 tuorum

142 4189 267 4248 ooetibus
280 4189 432 4266 aggregari
446 4189 616 4266 praecipias,
637 4192 696 4261 Qui
710 4211 778 4249 cum
792 4191 857 4250 Deo
872 4193 962 4251 Patre
976 4199 1007 4252 et
1021 4192 1137 4271 Spiritu
1152 4194 1263 4255 Sancto
1278 4197 1355 4256 viria

142 4292 174 4344 et
187 4304 292 4363 regnas
306 4286 389 4344 Deus
403 4305 456 4362 per
469 4285 570 4344 omuia
583 4287 690 4346 saecula
703 4290 884 4349 saeculorum
927 4290 1037 4350 Amen.

203 4383 265 4443 Hie
276 4393 357 4461 repet
369 4385 587 4444 circumstantes
599 4403 683 4444 orara
691 4407 749 4463 pro
763 4407 801 4447 co.
