3022 4966
436 347 781 416 Manualeociusum
794 350 929 418 Sarum
1257 352 1296 423 7*

158 513 270 573 Deinde
283 514 363 574 dicat
376 514 437 575 sic:

157 594 303 653 Dominus
316 595 485 654 vobiscum:
505 604 532 654 et
544 615 611 655 cum
624 594 758 655 Oramus.

158 674 296 748 Benedic‚
310 675 448 748 Domine,
465 683 630 734 creaturam
650 676 738 735 istam
758 674 851 752 panis,
866 675 944 735 siout
964 676 1145 736 benedixisti
1166 677 1298 756 quinquo

94 773 186 830 panes
202 754 373 828 industrio,
389 763 424 814 ut
440 775 542 815 omncs
561 775 601 814 ex
620 775 654 815 so
673 762 828 834 gustantes
847 763 911 814 tam
931 756 1060 833 corporis
1080 777 1170 835 quam
1189 757 1297 816 snimae

95 834 241 972 {ccipiant
265 836 433 895 sanitatem.
486 836 525 894 In
545 837 666 894 nomino
689 834 837 916 Paffltris
860 842 892 895 et
915 834 1034 916 Fiffllii
1058 844 1089 895 ot
1113 837 1243 914 Spiritus
1256 835 1297 917 ᾧ

118 915 207 973 ancti.
249 915 358 974 Amen.

159 994 242 1054 Tunc
256 1005 427 1071 naperpntur
440 1017 524 1073 aqum
538 995 682 1056 benedicto
695 1015 907 1073 superponam,
922 1005 948 1055 et
961 996 1165 1057 distribuatur.

178 1209 474 1271 EVANGELIUM
498 1211 548 1270 IN
572 1210 711 1272 NOCTE
733 1211 1017 1272 NATIVITATIS
1040 1213 1213 1274 DOMINI.

156 1354 198 1412 In
211 1364 290 1416 nocte
307 1357 482 1417 Natiuitatis
494 1358 619 1417 Domini
632 1359 705 1417 dum
725 1359 844 1417 canitur
860 1378 973 1418 nmium
993 1359 1218 1436 Respomorium
1231 1378 1298 1417 cum

95 1454 148 1493 suo
168 1435 256 1495 Versu
268 1446 295 1495 et
309 1437 412 1497 Gloria
431 1438 525 1512 Patri,
538 1440 675 1516 procedat
695 1440 847 1498 Diaconen
867 1459 934 1498 cum
952 1438 1136 1499 subdiacon
1150 1448 1176 1498 et
1191 1439 1297 1497 Tituri-

93 1515 209 1575 llnlorio
233 1526 259 1575 et
282 1517 463 1594 Ocroferario
486 1529 513 1578 et
536 1520 673 1597 Acolytlro
697 1539 809 1579 crucem
836 1519 987 1593 deferente,
1007 1520 1141 1579 omnibus
1164 1519 1297 1578 sollemni

95 1606 244 1671 apparatu
264 1599 387 1672 indutis,
410 1601 452 1658 od
476 1595 709 1677 thurificandum
728 1601 821 1659 altore
830 1621 842 1670 ;
863 1609 889 1658 et
913 1609 1028 1677 accepto
1048 1600 1240 1660 benedictione
1261 1598 1298 1656 ol>

95 1686 251 1737 exsecutore
270 1681 356 1754 officii
370 1700 427 1756 per
445 1682 576 1739 medium
595 1681 675 1740 clori
694 1681 729 1738 in
744 1681 899 1757 pulpitum
918 1681 1035 1740 accedat
1055 1681 1096 1739 od
1117 1678 1298 1740 contonclum

95 1756 290 1832 Eoonqelium
302 1759 354 1819 loc
368 1761 451 1819 modo
464 1761 631 1836 incipiemio
643 1785 653 1821 .·

156 1838 320 1897 Dominum
332 1840 492 1899 vobiscum.
536 1841 657 1899 Etcum
671 1840 777 1916 spiritu
791 1845 854 1898 tuo.

155 1915 287 1977 Initium
299 1918 404 1978 Samii
416 1919 573 1995 Evonpelii
585 1922 746 1980 secundum
759 1919 943 1980 Malliacum.

157 1998 260 2056 Gloria
273 2000 338 2072 tibi,
353 2000 489 2057 Domine.

96 2155 140 2212 Ch
157 2077 247 2135 Liber
267 2079 466 2156 generationis
486 2079 534 2156 (S.
550 2080 636 2138 Man
656 2080 677 2137 i.
700 2078 786 2156 1-16)
807 2097 898 2154 usque
919 2077 961 2136 ool
981 2079 1080 2150 Jcsus,
1102 2080 1154 2155 qui
1176 2083 1298 2136 vocatur

143 2157 239 2215 rictus.

157 2235 261 2295 Finito
270 2237 429 2312 Iicanpelio
441 2238 566 2314 incipiat
579 2237 717 2297 Sacerdos
728 2238 762 2295 in
773 2237 858 2314 Oopa
867 2237 959 2296 serico
969 2237 1010 2295 Tc
1021 2237 1119 2294 Deum
1133 2237 1295 2295 laudamus.

98 2313 162 2385 Quo
176 2315 253 2375 dicto
266 2317 397 2376 Rectores
410 2317 490 2375 clmri
503 2319 648 2394 incipiunt
661 2318 805 2377 Missam:
825 2316 869 2376 nel
879 2335 968 2392 qteum
982 2317 1108 2375 Missam
1123 2317 1183 2375 duo
1204 2317 1299 2376 clerici

95 2396 130 2454 de
140 2395 377 2472 semendnformc
385 2398 420 2455 in
431 2396 523 2474 Oapis
531 2398 631 2457 eei-icis
640 2398 673 2456 in
679 2397 795 2475 pulpito
806 2397 897 2456 simul
904 2405 1019 2455 cantent
1028 2397 1116 2455 istam
1121 2397 1281 2456 Lectionum
1288 2421 1298 2456 :

158 2476 273 2535 Laudes
295 2477 361 2536 Deo
384 2477 480 2536 dicam
503 2498 556 2557 per
579 2478 693 2551 saecula,
709 2478 761 2554 qui
783 2497 830 2536 me
850 2477 1009 2555 plasmavit
1023 2478 1056 2534 in
1069 2496 1160 2534 manu
1174 2476 1298 2534 dextera

95 2564 185 2633 atque
198 2557 325 2616 redemit
337 2577 422 2616 cruce
435 2577 583 2636 purpuras
596 2560 739 2636 sanguino
752 2557 836 2617 Nati.

156 2637 217 2697 Hic
228 2647 361 2698 cantetur
374 2639 549 2698 alternatim.

23 2733 26 2736 ’
155 2719 252 2778 Lectio
265 2718 365 2778 Erato
379 2719 537 2796 Prophetis.

155 2800 195 2857 In
216 2820 275 2877 qua
295 2799 408 2859 Christi
428 2801 526 2858 lucida
545 2819 636 2877 usqne
656 2801 697 2858 ml
717 2799 817 2858 Amen
837 2798 940 2858 dicant
960 2798 1068 2871 omnia,
1085 2799 1167 2857 utin
1180 2798 1300 2857 Missnl'

94 2881 135 2937 ml
148 2880 275 2939 Musam
287 2880 322 2939 in
336 2879 506 2940 Gallicantu
521 2880 731 2958 (Burntislsnd
745 2880 810 2953 Ed„
825 2898 854 2956 p.
871 2880 932 2950 50).

287 3077 582 3137 EVANGDLIUM
605 3076 655 3135 IN
678 3076 817 3137 NOUPE
840 3073 1110 3135 EPIPHANIAE.

153 3224 196 3284 In
208 3233 288 3286 nocte
307 3225 485 3302 Epiphaniae
501 3224 634 3296 Domini,
649 3224 723 3283 dum
743 3231 882 3282 cantatur
901 3242 1014 3282 nonum
1030 3222 1296 3298 (Responcorium)

93 3325 160 3364 cum
179 3326 233 3366 ouo
256 3305 345 3365 Veron
364 3314 390 3364 et
411 3304 513 3364 Gloria
533 3304 632 3377 Patri,
647 3305 787 3381 procedat
808 3303 961 3363 Diaconus
981 3322 1047 3361 cum
1066 3302 1250 3361 Subdiacono
1271 3310 1298 3359 et

95 3385 304 3446 Tnontonn'o
314 3395 341 3446 et
351 3385 534 3460 Oeroferorio
547 3394 574 3443 et
584 3384 724 3460 Acoiytio
737 3403 850 3443 crucem
863 3382 1012 3458 deserente,
1021 3381 1155 3440 munibus
1167 3379 1299 3439 sollemni

94 3466 449 3544 apparatumsunt
476 3464 707 3541 thurificandum
726 3463 829 3535 altare,
857 3471 883 3522 el
909 3469 1023 3538 compto
1046 3460 1236 3519 benedictione
1260 3458 1296 3516 ab

93 3555 251 3608 meum
270 3547 366 3624 officii,
379 3566 434 3625 per
453 3546 584 3605 medium
604 3544 684 3604 clrori
704 3543 822 3603 accedat
839 3543 881 3601 od
899 3541 1082 3600 cantandum
1103 3537 1298 3615 Eomrqelium

94 3627 145 3686 noc
158 3628 264 3687 modo:

155 3707 303 3766 Dominus
315 3707 475 3767 vobiscum.
518 3705 561 3764 lu
573 3725 641 3764 curn
655 3703 762 3782 spiritu
776 3709 837 3761 tuo.

153 3787 312 3865 Sequentia
324 3789 420 3848 sancti
431 3785 587 3864 Evmtqeiii
599 3785 759 3846 secundum
772 3783 893 3842 Lucam.

155 3868 259 3928 Gloria
271 3869 337 3941 tibi,
353 3868 489 3926 Domino.

155 3949 281 4008 Factum
295 3955 340 4009 set
352 3955 453 4007 autom
466 3966 557 4023 usqne
570 3947 612 4005 ad
624 3965 643 4004 a
655 3945 787 4005 Jordane
800 3943 848 4021 (S.
863 3941 934 4002 Duo
949 3941 995 4001 iii.
1011 3940 1129 4000 21-io.
1146 3939 1190 4018 1).

153 4028 256 4091 Dinito
269 4028 429 4106 Doonqclio
441 4028 567 4105 incipiat
580 4026 720 4086 Sacerdos
733 4026 767 4084 in
781 4024 866 4101 Ospa
877 4023 970 4083 serico
982 4021 1024 4081 To
1037 4021 1145 4080 Deum.

296 4229 347 4288 IN
372 4226 715 4290 PURIFIOATIONE
743 4225 898 4285 BEATAE
926 4223 1094 4284 MARIAE.

516 4334 708 4393 Bssrmcno
728 4331 873 4393 Lonrurs

325 4443 365 4503 Ut
378 4443 413 4530 in
426 4441 546 4502 Murali
559 4438 768 4521 (Burntisland
782 4438 849 4511 En,
864 4457 911 4517 pp.
928 4433 1092 4515 696403),
