3022 4966
205 1062 388 1149 onno
447 1062 540 1145 An
600 1062 1019 1147 FACIENDAM
1078 1003 1420 1189 Aoniiiti]³j.·2

531 1241 1005 1327 snunnionlss
1372 1183 1406 1259 ‘³'

591 1596 789 1656 Exoumsnus
808 1596 937 1666 Aoum*

219 1748 387 1808 Benedictio
399 1749 472 1808 selis
484 1757 512 1808 et
525 1769 609 1825 aquoe
622 1749 657 1807 in
669 1750 771 1809 diebus
783 1749 950 1808 Dominicis
954 1751 1015 1825 fiet
1028 1750 1080 1809 loc
1092 1750 1196 1810 modo:

401 1854 598 1931 Adjutorinm
611 1863 747 1913 nostrum
760 1856 793 1912 in
806 1855 927 1913 nomino
941 1855 1066 1913 Domini
1079 1877 1086 1913 ε

442 1952 504 2021 Qui
516 1951 587 2010 fecit
600 1952 706 2010 oaelum
719 1959 751 2009 ot
764 1959 884 2009 terium

401 2047 451 2104 Sit
463 2065 573 2104 nomen
586 2047 712 2103 Domini
725 2046 915 2104 benedictum
929 2066 936 2104 :

442 2141 492 2197 le
505 2141 570 2210 hoo,
584 2159 673 2211 nuno,
688 2146 826 2216 eiusque
840 2141 874 2198 in
887 2141 1036 2199 saeonlum

219 2243 389 2302 Benedictio
402 2242 475 2301 salis
487 2243 550 2300 siue
564 2242 697 2300 Oremus.

219 2338 366 2397 Exoroizo
379 2347 419 2408 te,
434 2343 571 2394 creatura
583 2336 662 2407 solis,
673 2355 726 2412 per
740 2337 837 2394 Deum
848 2335 890 2417 ›1‹
900 2337 1014 2408 visum,
1028 2356 1082 2413 pei·
1095 2338 1194 2394 Deum
1201 2335 1243 2417 ›1‹
1250 2357 1366 2411 vesum,

157 2456 213 2515 per
235 2431 542 2513 Deumfflssnotum,
566 2452 620 2509 per
643 2433 742 2490 Deum
765 2433 819 2509 qui
842 2440 873 2491 te
896 2453 950 2511 per
973 2433 1106 2491 Eliseum
1133 2435 1306 2512 prophetam
1333 2436 1366 2495 in

156 2551 268 2609 squam
290 2529 372 2587 mitti
391 2528 492 2605 jussit,
508 2535 544 2584 ut
565 2535 721 2586 sanaretur
737 2528 879 2587 sterilitas
896 2549 980 2606 squae
992 2549 1002 2602 3
1023 2536 1058 2586 ut
1079 2530 1214 2589 efficiaris
1237 2531 1289 2603 sal,
1304 2532 1365 2592 Hie

155 2628 294 2704 respiciat
317 2626 369 2698 sal,
395 2625 595 2683 exorcizatum
618 2625 652 2681 in
675 2625 802 2682 sulutem
826 2625 1018 2698 credentium,
1048 2634 1084 2683 ut
1106 2628 1147 2685 sis
1170 2628 1308 2686 omnibus
1331 2636 1362 2687 to

154 2724 344 2783 sumentibus
363 2722 475 2780 sanitas
494 2722 601 2778 suimae
625 2728 656 2779 et
675 2721 805 2798 eorpoiis
815 2742 824 2794 ;
851 2729 883 2779 et
906 2723 1029 2799 effugiat
1052 2730 1142 2800 atque
1168 2723 1300 2782 disoedst
1322 2726 1362 2783 nb

153 2838 189 2877 eo
213 2819 277 2876 loco
296 2837 357 2893 quo
380 2836 515 2893 aspersus
539 2816 630 2873 fuen's
653 2817 750 2874 omnis
773 2817 930 2894 phantasia
950 2824 982 2875 et
1004 2819 1140 2894 nequitis
1159 2820 1208 2878 vel
1229 2822 1361 2879 vessutis

153 2914 307 2972 diabolice
327 2913 448 2984 fmudis,
464 2913 619 2988 omnisque
639 2913 763 2989 spiritus
782 2914 963 2987 immundus,
978 2914 1134 2991 sdjurstns
1150 2935 1204 2992 per
1221 2936 1290 2975 eum
1307 2919 1360 2994 qui

152 3018 300 3069 venturus
313 3017 358 3068 est
366 3011 502 3087 judiosre
516 3010 601 3067 vivos
615 3016 646 3067 ot
658 3016 791 3068 mortuos
805 3018 836 3069 et
849 3013 989 3070 steoiilnm
1003 3031 1056 3088 per
1070 3013 1176 3089 ignem.
1219 3014 1327 3071 Amen

216 3106 352 3164 Oremus.

214 3203 394 3261 Immensum
408 3204 597 3262 clementiam
610 3208 704 3275 tuum,
715 3203 905 3279 omnipotens
919 3210 1028 3262 aetorno
1039 3203 1130 3276 Deus,
1143 3205 1299 3264 humiliter
1311 3208 1365 3265 im-

150 3301 312 3379 ploramus,
327 3302 386 3359 llic
406 3302 542 3376 respiciat
561 3301 702 3359 aS‘aoerdos
722 3300 776 3372 sal,
792 3307 829 3356 ut
848 3301 925 3358 huno
946 3309 1113 3359 creaturam
1133 3303 1204 3361 salis
1222 3324 1311 3380 quam
1332 3307 1364 3362 in

151 3417 241 3456 usum
255 3398 357 3472 generi
370 3397 501 3453 humano
512 3397 653 3466 tn'buisti,
665 3394 888 3476 benoffldicere
901 3405 933 3454 et
945 3397 1179 3476 sanetifflfiosre
1190 3408 1242 3456 tua
1253 3403 1364 3476 pietate

151 3493 293 3570 digneris,
308 3499 343 3548 ut
357 3492 397 3548 sit
411 3492 548 3548 omnibus
561 3493 747 3548 sumentibus
760 3492 839 3549 salus
855 3493 965 3549 mentis
979 3500 1010 3549 et
1023 3495 1161 3568 corporis
1177 3501 1208 3551 et
1222 3498 1362 3572 quicquid

150 3609 192 3649 ex
214 3609 249 3647 eo
270 3596 384 3646 tactum
408 3587 455 3644 vel
480 3606 642 3662 respersum
661 3588 762 3660 fuerit,
784 3594 883 3644 careat
904 3589 986 3644 omni
1010 3589 1203 3648 immunditia
1223 3594 1362 3671 omnique

150 3687 377 3763 impugnatione
396 3683 562 3761 spiritualis
580 3685 731 3760 nequities.
773 3684 833 3741 Per
856 3683 1009 3742 Christum
1032 3685 1195 3745 Dominum
1215 3698 1357 3751 nostium.

151 3785 264 3842 Amen.
898 3780 903 3790 '

213 3879 379 3937 Buwdictio
393 3897 479 3953 aquae
492 3875 555 3934 sine
569 3875 704 3934 Oremus.

213 3974 355 4032 Exorcizo
368 3981 406 4046 te,
421 3978 557 4031 creatura
569 3992 662 4049 squoe,
678 3973 711 4030 in
723 3972 843 4032 nomine
857 3973 916 4032 Dei
925 3972 967 4054 ›1‹
977 3974 1077 4034 Patris
1090 3977 1311 4055 omnipotentis,
1326 3995 1357 4044 et

147 4073 184 4130 in
197 4071 317 4129 nomine
330 4071 352 4129 J
354 4069 577 4151 esu›1‹Ohristi‚
588 4070 661 4128 Filii
673 4070 746 4147 ejus,
762 4070 886 4130 Domini
899 4073 1002 4146 nostn',
1013 4081 1044 4132 et
1058 4075 1089 4131 in
1100 4075 1213 4134 virtute
1227 4077 1357 4153 Spin'tns

147 4167 309 4249 >pseusti
335 4177 370 4226 ut
392 4169 446 4227 fies
469 4188 546 4247 equs
569 4167 735 4227 exorcizata
761 4170 799 4228 sd
821 4171 1008 4248 effugandum
1031 4191 1150 4231 omnem
1177 4184 1353 4251 potestatem

147 4267 264 4326 inimici
274 4286 284 4339 ;
304 4272 335 4324 et
353 4267 451 4343 ipsum
469 4266 625 4326 inimicum
645 4266 792 4326 eradicare
811 4274 842 4326 et
862 4268 1036 4345 explantare
1050 4271 1148 4330 valens
1161 4292 1229 4331 cum
1243 4276 1355 4353 angelis

367 4420 380 4445 ¹
396 4419 440 4466 See
450 4419 502 4467 slso
511 4424 525 4449 “
533 4419 603 4466 York
613 4418 720 4477 sliam?
729 4420 829 4468 Snrtoos
840 4421 947 4480 Socii-ty,
956 4421 1004 4468 vol.
1014 4423 1039 4468 ii.
1050 4437 1073 4482 p.
1086 4425 1136 4469 loe.

736 4515 758 4556 Δ
