3022 4966
233 340 296 405 106
605 335 856 403 Barwdiotioncs
879 336 1060 403 denecales.

232 518 302 577 huic
315 518 427 576 famulo
445 524 499 576 tuo
512 517 546 575 in
558 523 589 575 te
602 515 713 593 ubique
732 516 901 588 confidenti,
916 523 947 575 et
959 517 1159 577 intercedente
1176 519 1264 577 beata
1278 517 1337 576 Dei
1350 538 1434 594 gene

232 616 306 673 trice
330 634 502 692 semperque
521 614 649 691 Virgine
670 613 770 672 Maria
793 620 825 672 et
847 615 1003 674 benedicto
1025 615 1173 676 Michaele
1203 615 1379 692 archangelo
1402 622 1433 674 et

232 712 319 770 beato
332 713 355 770 J
355 711 456 769 uliano
470 709 632 769 consessore
653 715 706 769 tuo
728 717 760 768 et
773 711 910 771 omnibus
927 713 1052 786 Sanctis,
1067 733 1120 790 per
1132 731 1250 770 onmem
1264 731 1323 787 qua
1336 711 1433 768 iturus

233 826 265 866 es
277 807 358 866 viam
371 807 434 865 dux
454 813 486 866 et
506 827 602 866 comes
625 807 727 866 adesse
750 808 880 885 dignare
921 807 1009 866 Nihil
1022 810 1080 868 sibi
1093 807 1276 867 difficultatis
1297 808 1430 880 obsistat,

232 910 339 962 cuncta
352 905 414 962 sint
426 924 573 982 prospera,
588 911 695 962 cuncta
715 905 852 978 salubris,
868 911 904 962 ut
916 907 972 964 sub
993 926 1048 982 ope
1069 906 1198 964 dexterae
1219 911 1279 962 tuse
1293 903 1433 979 quicquid

228 1001 313 1077 justo
336 1002 501 1077 expetierat
525 1001 669 1059 desiderio
693 1002 782 1060 celeri
804 1008 1001 1078 consequetur
1021 1002 1136 1060 effectu.
1188 1001 1247 1058 Per
1269 1001 1431 1058 Dominum

232 1102 368 1155 nostrum
381 1098 404 1155 J
404 1117 486 1156 esum
500 1098 655 1158 Christum
669 1099 782 1157 Filium
795 1098 999 1158 tuum—MS.
1021 1096 1120 1179 loric]

245 1372 437 1436 emron-uo
458 1375 563 1433 (lenm
585 1391 622 1432 rr
643 1375 762 1434 Bacunr
783 1391 912 1434 neumis
934 1389 1177 1432 raorrc1scnsr1s
1196 1389 1239 1431 sn
1258 1389 1415 1433 nunnnura

291 1565 433 1624 Sacerdos
444 1567 568 1643 insipat
581 1587 647 1626 orm
661 1568 788 1629 Psalmo.
832 1571 914 1627 Deus
927 1570 960 1627 in
973 1570 1157 1648 adjutorium
1170 1589 1277 1630 meum

291 1662 437 1722 Palmae
479 1664 657 1723 Benedioam
671 1666 835 1725 Dominum
848 1667 992 1745 (miii.)

292 1758 439 1819 Psalmus.
482 1760 601 1835 «ludica,
617 1764 755 1838 Domine,
771 1771 911 1824 nocentes
924 1766 1058 1843 (macic.)
1109 1828 1114 1838 ,

291 1856 438 1915 Psalmus.
482 1858 541 1929 Qui
555 1859 672 1918 habitat
685 1860 768 1939 (aa.)

293 1953 438 2014 Psalmus.
482 1956 659 2035 Quicunque
671 1958 749 2017 vult.

292 2050 471 2129 Antiphone
513 2053 562 2112 Ne
575 2055 782 2114 reminiscaris.

293 2148 390 2224 Kyrie
403 2150 530 2228 eleyson.
574 2151 692 2210 Ohriste
706 2152 832 2229 eleyson
877 2152 975 2228 Kyrie
988 2153 1113 2231 eleyson

294 2245 385 2304 Pater
397 2254 505 2307 noster.
549 2249 591 2306 Et
604 2268 714 2307 nenos.

293 2341 423 2402 Domine
436 2364 497 2403 non
510 2345 679 2404 secundum.

293 2439 423 2500 Domine
436 2462 474 2502 ns
487 2443 665 2502 memineris.

293 2536 418 2613 Adjuva
430 2557 493 2597 nos.

293 2632 416 2691 Salvum
430 2635 475 2692 fac
489 2655 608 2692 servum
622 2641 716 2694 tuum.

293 2729 367 2785 Esto
380 2731 417 2801 ei,
432 2730 570 2801 Domine,
586 2733 678 2790 turris
692 2732 886 2792 fortitudinis.

293 2824 422 2882 Domine
436 2826 553 2883 exaudi.
632 2887 634 2890 ,

293 2919 440 2978 Dominus
454 2923 612 2980 vobiscum.
656 2925 778 2983 Etcum
792 2928 900 3004 spiritu
915 2936 975 2988 tuo.
1018 2929 1151 2987 Oremus.

294 3014 403 3073 Oratio.

292 3113 487 3190 Omnipotens
500 3118 678 3194 sempiterne
692 3120 783 3193 Deus,
796 3125 848 3199 qui
861 3124 1006 3183 mundum
1017 3146 1055 3183 ex
1065 3123 1185 3184 informi
1198 3122 1321 3180 materia
1336 3122 1431 3180 fecisti

230 3215 262 3267 et
274 3211 395 3269 unicum
410 3213 520 3273 Filium
534 3222 621 3274 tuum
635 3218 692 3275 tibi
705 3225 885 3278 coaeternum
895 3242 948 3298 pro
958 3223 1074 3299 generis
1084 3221 1207 3280 humani
1219 3221 1428 3297 redemptione,

232 3306 347 3382 Spiritu
368 3309 476 3368 Sancto
497 3322 678 3391 cooperante,
694 3317 841 3375 incarnari
860 3324 950 3396 atque
963 3320 1000 3378 de
1014 3319 1098 3377 hoste
1110 3319 1235 3395 antiquo
1247 3317 1431 3394 triumphare

230 3402 344 3464 fecisti:
358 3410 389 3463 te
399 3407 573 3484 suppliciter
584 3412 722 3488 petimus,
734 3419 770 3470 ut
780 3413 835 3472 hoc
849 3421 966 3473 scutum
977 3423 1066 3492 atquo
1076 3416 1214 3474 baculum
1224 3415 1315 3473 istum
1325 3416 1432 3473 dextra

230 3503 371 3577 potentia
393 3511 453 3564 tue
480 3507 700 3589 beneffldicere
727 3510 864 3587 digneris,
888 3518 924 3569 ut
945 3513 1006 3570 sint
1030 3533 1113 3570 arma
1134 3512 1320 3569 invincibilia
1341 3518 1431 3587 atque

230 3600 406 3678 triumphali
418 3605 553 3679 potentia
563 3613 617 3663 tua
625 3607 864 3682 adminiculante,
877 3610 1031 3683 victricia3
1050 3608 1192 3686 quatinus
1207 3609 1375 3685 quicunque
1385 3608 1431 3665 his

229 3697 319 3752 armis
339 3700 524 3773 pugnaverit,
543 3706 597 3758 tua
616 3704 798 3777 protectione
821 3707 955 3762 munitus
979 3711 1042 3763 tam
1062 3707 1192 3783 corporis
1213 3726 1304 3783 quam
1323 3707 1429 3764 animae

229 3790 355 3865 salutem
369 3794 521 3870 percipiat,
537 3804 627 3873 atque
647 3799 772 3857 creatori
791 3801 924 3858 omnium
946 3802 1056 3879 gratias
1076 3803 1194 3861 referat.
1236 3803 1297 3873 Qui
1310 3803 1387 3861 rivis
1400 3810 1431 3861 et

230 3904 334 3962 regnas
348 3888 430 3946 Deus
443 3910 496 3966 per
508 3893 608 3949 omnia
621 3895 727 3952 saecula
740 3896 922 3955 aaeculorum.

291 3982 444 4041 Tradatso·
454 3994 524 4044 tarro
536 3987 564 4044 ei
576 3998 692 4048 scutum
705 3999 732 4048 et
744 3991 825 4050 dicat
837 3991 998 4054 Sacerdos:

289 4078 401 4156 Accipe
414 4080 469 4138 hoc
482 4088 600 4140 scutum
620 4087 749 4162 corporis
770 4088 817 4146 tui
838 4092 1059 4166 protectionem.
1102 4092 1142 4149 In
1155 4092 1274 4151 nomine
1288 4093 1386 4151 Patris
1400 4102 1430 4151 et

230 4172 302 4230 Filii
315 4181 346 4234 et
359 4174 490 4252 Spiritus
504 4177 612 4236 Sancti.
655 4183 765 4242 Amen.

288 4269 432 4330 Similiter
444 4282 470 4331 ct
484 4273 604 4334 baculus
617 4279 758 4338 tradatur
770 4280 804 4355 oi,
820 4291 847 4341 st
859 4283 940 4342 dieat
952 4283 1113 4347 Sacerdos:

288 4366 402 4444 Accipe
414 4368 494 4428 hunc
510 4370 649 4430 baculum
662 4374 770 4434 adhoc
790 4377 922 4438 duellum
944 4390 1151 4460 preparatum,
1166 4403 1233 4443 oum
1254 4403 1313 4461 quo
1332 4385 1430 4444 valeas
