3022 4966
188 304 252 369 154
658 300 763 370 Veris
779 302 920 387 Quirites

655 510 700 571 De
713 518 812 571 sancto
825 510 919 571 Petro

247 601 426 680 Actiphmru.

429 699 517 760 Solve
526 699 653 777 jubente
665 699 731 761 Deo
745 705 900 774 terrerum,
916 699 1015 774 Petro,
1029 707 1155 773 osteum,

430 796 492 866 Qui
504 796 575 856 iscis
584 803 621 856 ut
634 804 758 876 psteeut
770 797 898 858 caelestis
910 817 1002 877 regns
1014 798 1117 858 beatis.

247 893 323 954 Item
336 894 372 953 ds
380 901 479 953 nocto
489 893 585 953 Petro.

246 988 428 1067 Antiphone.
501 1046 504 1051 .

248 1086 360 1146 Beatus
374 1086 482 1146 Petrus
490 1086 640 1165 spostolus
653 1086 732 1146 vidit
741 1085 799 1146 eibi
809 1085 964 1146 Christum
971 1105 1131 1160 occurrere,
1141 1092 1173 1145 et
1185 1086 1311 1146 odorans
1322 1107 1390 1146 eum

187 1182 252 1243 eit:
273 1183 409 1257 Domine,
425 1203 485 1261 quo
498 1183 589 1244 vedis
631 1183 731 1243 Venio
745 1183 872 1243 Romam
885 1184 995 1243 iterum
1008 1183 1147 1261 crucifigi

191 1275 222 1336 V.
244 1275 473 1358 (morato).
495 1278 542 1338 Tu
550 1297 581 1338 ss
591 1279 709 1353 Petrus,
718 1285 750 1338 et
759 1278 932 1357 superbene
941 1285 1057 1357 petrem
1067 1279 1217 1338 aedificebo
1229 1279 1390 1339 Ecclesium
1459 1354 1461 1359 ‚

188 1391 297 1434 mecm.

251 1468 363 1530 Oratio.

249 1566 341 1639 Deus,
356 1567 409 1646 qui
427 1567 548 1627 beotum
567 1567 693 1627 Petrum
712 1567 879 1646 spostolum
899 1586 919 1626 s
937 1566 1064 1626 vinculis
1084 1566 1252 1626 absolutum
1265 1567 1391 1626 illaesum

187 1662 393 1738 sbirefeoisti3
410 1669 589 1738 nostrorum,
600 1682 777 1742 quesumus,
787 1663 905 1722 absolve
913 1663 1033 1722 vincula
1044 1671 1239 1743 pcccatorum,
1251 1665 1390 1724 etomnis

188 1758 268 1821 mala
279 1777 299 1818 s
310 1759 395 1819 nobis
408 1760 587 1839 propitiatus
599 1760 730 1821 exclude
773 1759 833 1820 Por
846 1760 1007 1821 Christum.

505 1991 557 2052 Au
568 1991 671 2052 Altero
684 1991 778 2053 muti
795 1990 932 2067 Aoum,
944 1991 1077 2071 apostoli.
1093 1997 1098 2007 '

249 2070 429 2150 Antiphone.
448 2094 457 2110 ·

250 2167 389 2228 Andrem
397 2168 548 2248 spostolus
555 2168 832 2249 dixitedAEgeem:
845 2167 943 2255 Tanto
950 2186 1017 2229 meo
1026 2170 1090 2248 regi
1099 2169 1165 2228 Deo
1173 2187 1224 2228 ero
1233 2169 1389 2249 acceptior,

190 2273 302 2344 quante
315 2285 370 2346 pro
383 2267 447 2345 ejus
459 2286 559 2327 umore
571 2266 655 2326 fuero
667 2285 843 2346 permanens
855 2266 889 2326 in
901 2266 1059 2327 tormentis
1068 2266 1223 2328 confessor.

196 2361 227 2422 V.
249 2361 478 2443 (moderetis).
500 2363 619 2423 Dilexit
631 2364 787 2423 Androm
800 2363 957 2423 Dominus.

252 2457 362 2520 Oratio.

252 2553 442 2632 Msjestetem
462 2560 556 2628 tuem,
576 2555 714 2630 Domine,
735 2556 909 2633 suppliciter
921 2576 1086 2632 exoramus,
1101 2564 1138 2616 ut
1160 2558 1237 2616 sicum
1259 2557 1395 2617 Ecclesiae

190 2655 251 2709 tuae
264 2650 369 2709 beatus
382 2650 519 2708 Andreas
532 2651 681 2727 spostolus
695 2658 765 2709 tuus
778 2653 897 2710 exstitit
910 2652 1084 2728 praedicator
1097 2658 1128 2708 st
1142 2658 1246 2722 rector,
1260 2650 1304 2708 its
1317 2650 1396 2728 apud

191 2752 222 2806 ce
235 2745 276 2804 sit
288 2765 343 2823 pro
356 2747 442 2804 nobis
456 2752 615 2823 perpetuus
629 2748 810 2807 intercessor.
853 2749 912 2806 Per
927 2749 1078 2807 Christum
1093 2746 1263 2804 Dominum

629 2974 675 3035 De
686 2982 785 3034 sancto
798 2973 953 3052 Stephano.

251 3051 434 3131 Amiphoso.

252 3149 421 3228 Stephanus
438 3149 515 3211 ridit
531 3150 618 3211 caelos
638 3156 763 3230 opertos,
776 3150 855 3210 vidit
876 3157 906 3212 st
924 3151 1072 3212 introivit.
1114 3153 1225 3214 Beatus
1242 3153 1330 3213 homo
1347 3152 1396 3212 cui

192 3247 256 3308 coli
269 3249 421 3327 patebunt

198 3343 228 3404 V.
250 3346 482 3426 (sacerdotalis).
505 3344 609 3405 Gloria
621 3352 653 3405 et
666 3345 777 3404 honore
790 3346 937 3406 coronasti
951 3365 1026 3406 eum.

254 3443 364 3503 Oratio.

252 3542 301 3602 De
321 3543 415 3616 nobis,
439 3542 577 3617 Domine,
601 3560 778 3619 quaesumus,
799 3541 913 3601 imitari
933 3541 1013 3621 quod
1040 3541 1172 3614 colimus,
1197 3546 1232 3599 ut
1252 3540 1398 3600 discemus

192 3645 226 3699 et
246 3639 382 3700 inimicos
395 3640 526 3718 diligere,
540 3639 612 3718 quis
625 3640 689 3718 ejus
708 3638 848 3698 natalitia
867 3639 1050 3700 celebramus
1062 3639 1116 3716 qui
1134 3638 1221 3698 novit
1240 3638 1330 3697 stiam
1344 3656 1398 3714 pro

191 3734 426 3817 persecutoribus
440 3757 564 3797 exorere
577 3737 744 3795 Dominum
757 3741 892 3795 nostrum
908 3735 931 3796 J
931 3755 1014 3796 esum
1025 3735 1178 3794 Christum
1191 3733 1286 3791 filium
1301 3740 1395 3794 tuum.

454 3956 499 4017 Dc
512 3963 612 4017 scorto
625 3953 771 4028 utam,
785 3951 912 4031 morou
925 3959 952 4012 ct
964 3946 1146 4026 molesta.

253 4060 433 4139 Antiphone.
602 4136 608 4145 .

252 4157 315 4215 Hic
343 4162 388 4216 est
410 4155 571 4234 discipulus
593 4153 645 4212 ille
667 4153 720 4230 qui
739 4149 945 4210 testimonium
967 4147 1127 4228 perhibuit,
1149 4153 1180 4207 et
1200 4145 1308 4206 scimus
1329 4147 1400 4226 quis

194 4270 300 4312 verum
312 4257 358 4311 est
370 4251 577 4311 testimonium
590 4250 663 4327 ejus.

202 4349 234 4414 V.
255 4346 485 4430 (sacerdotalis).
504 4347 604 4406 Vslde
617 4344 807 4406 honorandus
819 4349 865 4404 est
877 4343 982 4404 boetus
994 4342 1017 4405 J
1017 4340 1155 4403 ohannes.
