3022 4966
258 322 320 385 110
678 312 728 378 Ia
746 310 811 377 Die
830 261 1032 376 Parosdeves.

317 498 421 558 Postea
434 497 507 556 dicti
519 498 579 554 duo
593 491 746 553 Diuersi*
759 513 825 552 eum
839 513 921 553 eruce
934 492 1157 569 aliquantulum
1164 494 1312 570 propressi
1325 493 1426 552 dicuat
1440 520 1448 553 .-

318 595 396 666 Quia
409 594 501 653 eduxi
514 600 545 651 te
558 611 612 669 per
625 592 774 649 desertum
792 591 989 667 qnadraginta
1001 590 1088 648 annis
1101 595 1132 647 et
1146 609 1256 647 manna
1269 591 1367 647 cibavi
1384 596 1416 647 te
1431 598 1464 647 et

255 692 411 751 introduxi
424 691 457 747 in
469 696 581 748 terram
594 688 667 747 satis
680 688 832 765 optimam,
846 688 960 764 parasti
972 707 1089 746 crucem
1103 687 1253 746 Salvatori
1266 693 1328 748 tuo.

318 787 480 847 Discursus.
522 785 626 862 Agios.

320 884 444 946 ctam.
486 883 613 942 Sanctus
627 883 717 940 Deus.

318 982 433 1041 Deinde
444 980 611 1041 Sacerdotes
624 977 717 1039 Chore
730 980 1000 1056 appropinquantes
1014 976 1116 1036 dicaret
1125 1002 1136 1038 .·

319 1079 399 1149 Quid
412 1077 494 1135 ultra
514 1075 605 1134 debui
616 1075 711 1141 faeere
731 1075 796 1150 tibi,
811 1082 842 1134 et
854 1096 915 1134 non
927 1077 1005 1136 fecit
1055 1077 1119 1154 Ego
1133 1076 1252 1153 quidem
1272 1077 1408 1154 plantavi
1423 1085 1462 1150 te,

259 1179 379 1234 vineam
402 1193 499 1232 meam
512 1173 613 1231 fructu
632 1172 776 1245 decoram,
792 1179 824 1231 st
835 1177 870 1230 tu
890 1173 969 1231 facta
982 1193 1014 1231 es
1033 1173 1109 1230 mihi
1128 1174 1219 1231 nimis
1238 1192 1358 1246 amara;
1379 1183 1462 1232 aceto

245 1282 388 1350 ‘namque
407 1271 586 1330 mixtorum
605 1269 673 1328 folle
691 1269 773 1327 sitim
787 1288 882 1328 meam
903 1271 1023 1346 potasti,
1037 1276 1068 1328 et
1087 1270 1189 1329 lancea
1207 1271 1364 1348 perforasti
1384 1272 1462 1329 latus

260 1371 425 1431 Salvatoris
439 1369 493 1427 tui.

320 1467 481 1526 Diaconos.
524 1463 627 1541 Agios.

322 1562 444 1623 Chorus
488 1560 614 1618 Sanctus
627 1557 717 1615 Deua

317 1657 486 1718 Sacerdotes
494 1655 706 1733 dbcooperiaat
716 1673 837 1726 mrem,
851 1665 878 1714 et
891 1655 992 1715 dicant
1005 1655 1207 1733 Antiphonem
1221 1678 1230 1713 :

319 1756 396 1815 Eoos
408 1756 525 1834 lignum
538 1755 633 1813 erucis
645 1754 679 1812 in
693 1772 753 1830 qno
766 1751 845 1811 salus
857 1752 963 1810 mundi
976 1753 1126 1831 pependit,
1141 1753 1243 1811 venite
1256 1753 1419 1811 adoremus.

322 1852 438 1913 saona
444 1852 572 1932 fletibus
583 1850 705 1927 perettus
717 1849 812 1908 disat:

321 1947 397 2008 Eece
423 1949 539 2026 lignum
569 1948 665 2005 crucis
695 1947 728 2004 in
741 1965 815 2023 ·qno
841 1945 919 2004 salus
946 1946 1052 2004 mundi
1078 1946 1226 2024 pependit,
1253 1945 1353 2003 venite
1381 1946 1465 2002 ador-

260 2049 351 2090 emus
1076 2057 1083 2069 ·

320 2126 467 2186 Psatmas.
509 2125 598 2183 Beati
612 2123 797 2181 immaculati
810 2122 843 2180 in
856 2123 926 2180 via:
946 2122 1000 2198 qni
1012 2123 1168 2182 ambulant
1181 2123 1213 2182 in
1225 2122 1289 2200 lege
1303 2123 1435 2180 Domini.

321 2225 503 2302 Antiphone.
526 2223 603 2281 Eoos
615 2222 732 2300 lignum
745 2221 847 2279 mucis.

327 2322 440 2381 Versus.
483 2319 572 2377 Beati
585 2318 638 2395 qui
651 2322 832 2376 scrutantur.

322 2417 503 2493 Antiphone.
527 2415 603 2473 Eoos
616 2414 733 2492 lignum
745 2412 848 2471 crusis.

327 2514 438 2573 Versus.
482 2512 554 2570 Non
567 2511 647 2568 enim
660 2510 714 2588 qui
726 2514 896 2587 operantur,
911 2516 938 2566 et
951 2509 1075 2570 ceterat

321 2608 447 2669 Interim
455 2608 600 2685 prelatus
613 2615 640 2665 et
653 2605 787 2665 ministri
799 2624 866 2664 eum
879 2604 952 2663 clero
966 2606 1088 2664 adorent
1101 2625 1221 2668 murem.

323 2705 408 2777 Item,
424 2707 497 2762 dum
510 2705 663 2775 odoratur,
678 2703 779 2760 disant
792 2701 1012 2778 Antiphonem:

323 2802 419 2859 Tuam
439 2820 555 2859 erucem
575 2801 741 2874 adoramus,
756 2800 894 2872 Domine,
915 2806 946 2858 et
966 2806 1099 2858 sanctam
1119 2803 1363 2861 resurrectionem
1384 2810 1468 2860 tuum

261 2900 418 2960 laudamus
438 2904 469 2956 et
488 2897 687 2975 glorificamus
696 2917 705 2970 ;
725 2917 791 2957 ecce
811 2899 890 2956 enim
903 2905 1026 2976 propter
1038 2919 1154 2958 erucam
1174 2900 1259 2957 venit
1278 2900 1418 2976 gaudium
1435 2902 1465 2957 in

263 2996 404 3056 universo
418 2995 537 3053 mundo.

324 3092 471 3151 Psatmas.
514 3092 598 3149 Deus
627 3091 802 3151 miscreatur
821 3095 916 3152 nostri
937 3101 969 3153 et
998 3095 1154 3154 benedicat
1181 3094 1287 3153 nobis:
1315 3094 1469 3153 illuminet

263 3192 383 3250 vultum
391 3210 478 3248 suum
492 3209 581 3267 super
594 3208 648 3247 nos
661 3195 693 3248 et
706 3190 865 3248 miseratur
878 3191 982 3248 nostri.

325 3287 504 3364 Antiphone.
527 3287 623 3356 Tuam
636 3307 752 3346 crucem
764 3288 930 3347 adoramus.
977 3288 1136 3364 Domine.‡

238 3413 240 3417 >
332 3387 443 3447 Versus.
487 3386 534 3445 Ut
547 3405 761 3463 cognoscamus.

326 3483 504 3561 Aatpboaa.
526 3484 621 3543 Tuam
634 3503 758 3543 crucem.

325 3583 366 3641 Et
375 3583 417 3643 sic
427 3583 559 3660 deirweps
567 3581 686 3642 interim
695 3581 822 3658 tyranus
831 3589 972 3655 careretur,
984 3580 1056 3641 dum
1066 3581 1159 3641 clerus
1169 3590 1196 3641 et
1203 3581 1335 3659 populas
1345 3581 1468 3638 adorent

266 3699 377 3739 eruce-m
387 3705 396 3741 :

629 3759 713 3818 Crux
726 3758 821 3818 fidelis
833 3760 915 3818 inter
927 3777 1029 3818 omnes

668 3855 772 3914 Arbor
784 3875 845 3914 una
858 3856 986 3929 nobilis;

327 4000 339 4023 ¹
356 3999 395 4045 Sir
404 4000 428 4046 J.
439 3998 565 4046 Lowsou’s
574 3997 673 4045 MS.-¹‘
681 3997 831 4058 Prutytert”

326 4078 395 4138 ’ssir
410 4079 434 4125 J.
451 4079 579 4126 Lowson’s
597 4080 736 4126 MS.—“Et
752 4079 786 4126 sic
809 4086 869 4126 totus
885 4078 993 4127 Palmae
1012 4082 1123 4136 mutetur,
1143 4081 1221 4138 etpost
1240 4077 1356 4136 quemlibet
1380 4081 1472 4127 Versum

267 4154 537 4215 caesaraeam,
552 4155 615 4203 Eoos
631 4155 735 4214 lignum,
744 4160 766 4201 et
780 4155 833 4200 dam
848 4154 946 4214 cmiter,
956 4152 1065 4202 adorea
1078 4167 1136 4201 erres
1150 4167 1167 4200 o
1176 4152 1278 4214 proelaa
1292 4161 1314 4202 et
1328 4156 1440 4204 ariniara}
1450 4164 1471 4202 es

489 4231 503 4256 tt

267 4242 283 4275 ⁰
293 4229 571 4364 dedosdrpdpdldsrson’s
584 4305 724 4354 sss-“Et
736 4304 771 4354 sia
787 4307 847 4352 torm
860 4301 965 4351 Pratum
972 4307 1129 4364 maur,
1143 4309 1164 4353 et
1176 4309 1232 4367 post
1246 4305 1362 4367 prendite
1381 4305 1473 4354 Versum

266 4376 400 4439 sosptem
410 4377 489 4425 Tuam
498 4381 615 4427 emnem!
