3022 4966
608 917 776 1014 VIII.

134 1261 292 1347 ORDO
313 1262 398 1346 AD
429 1263 895 1352 PURIFIOANDUM
924 1267 1259 1353 MULIERDM.

93 1752 214 1812 FROM
248 1751 335 1811 THE
369 1750 631 1810 PONTIFIOAL
665 1751 719 1808 OF
752 1751 1037 1810 AROHBISHOP
1070 1752 1300 1826 emonem,

216 1856 318 1915 NOW
352 1855 403 1913 IN
437 1854 525 1913 THE
560 1853 759 1912 LIBRARY
787 1854 840 1912 OF
876 1854 1060 1913 TRINITY
1097 1855 1298 1930 comacli,

217 1957 484 2018 OAMBRIDGE.

155 2145 259 2204 Primo
272 2143 421 2203 indentes
434 2143 583 2219 epiecopus
594 2161 672 2201 mere
685 2140 823 2218 Duplieie
835 2141 916 2201 Festi
928 2142 963 2202 ia
976 2142 1035 2203 loeo
1051 2144 1108 2204 eibi
1123 2155 1299 2222 propalate,

94 2236 122 2286 et
145 2225 290 2303 impetit-ia
315 2223 401 2300 Cape
420 2244 488 2282 eum
508 2223 604 2281 Mitra
624 2231 790 2299 acceptoqm
810 2222 912 2281 laculo
928 2224 1083 2300 pastorali,
1100 2228 1237 2301 procedat
1258 2230 1299 2285 ad

95 2307 203 2365 ostium
216 2304 355 2373 Ecclesiae,
369 2302 593 2380 precedentibus
606 2305 704 2379 ipsum
717 2323 798 2378 aqua
815 2303 960 2362 benedicta
980 2313 1007 2363 et
1026 2305 1140 2365 duobus
1162 2307 1298 2380 cerofera-

93 2386 149 2447 riis
159 2409 171 2455 ;
192 2395 219 2445 et
232 2384 326 2445 eunde
340 2405 407 2443 eum
418 2383 565 2442 ministris
577 2384 641 2444 auae
653 2384 733 2443 dieat
746 2382 881 2443 Paalmoe
893 2393 1038 2460 sequentes
1046 2409 1056 2445 :

156 2466 269 2526 Levavi
282 2465 380 2524 oeulos
393 2484 472 2522 meos
487 2464 572 2540 (eam).

154 2546 207 2605 Ad
221 2553 251 2605 te
264 2546 363 2604 levavi
377 2545 475 2604 oculos
488 2564 568 2602 meos
583 2542 686 2624 (anio.)
701 2565 767 2604 αωη
781 2543 884 2603 Gloria
897 2544 990 2605 Patri.

155 2626 198 2685 ne
211 2626 387 2703 subjunqat:

156 2708 253 2784 Kyrie
266 2707 393 2783 eleyson.
437 2705 555 2764 Christe
568 2704 694 2782 eleyson.
738 2704 836 2783 Kyrie
849 2705 977 2784 eleyson.

155 2787 247 2846 Pater
259 2793 368 2846 noster.
411 2786 453 2844 Et
465 2805 504 2843 ne
517 2804 578 2844 nos

154 2869 229 2927 Esto
243 2868 278 2941 ei,
293 2866 429 2941 Domine,
445 2865 537 2925 turris
551 2865 756 2925 fortitudinis:

154 2949 186 3007 A
199 2948 273 3006 faeie
286 2947 407 3005 inimici.

155 3028 273 3087 Salvam
286 3028 341 3100 fae,
356 3028 494 3098 Domine,
515 3026 653 3085 ancillam
667 3032 769 3085 tuam:

154 3109 237 3167 Deus
250 3128 342 3180 meus,
358 3114 526 3185 sperantem
539 3109 572 3165 in
586 3113 627 3166 te.

155 3189 248 3247 Mitte
261 3190 297 3261 ei,
312 3188 459 3246 auxilium
473 3189 509 3246 de
523 3195 643 3246 sancto:

154 3268 195 3326 Et
208 3269 245 3327 de
259 3269 331 3326 Sion
344 3275 428 3326 tuere
441 3288 513 3327 eam.

154 3348 291 3421 Domine,
307 3348 423 3407 exaudi.
466 3348 508 3406 Et
521 3346 639 3404 clamor.

154 3428 302 3486 Dominus
315 3429 474 3488 vobiscum.
518 3430 650 3485 Oremus

153 3509 349 3587 Omnipotens
362 3510 539 3585 sempiterne
553 3507 644 3579 Deus,
661 3505 713 3583 qui
726 3503 802 3563 hane
815 3504 956 3564 seminam
966 3504 1004 3564 de
1016 3505 1151 3583 pariendi
1164 3507 1295 3583 periculo

91 3588 234 3660 liberasti,
249 3590 281 3645 in
304 3589 426 3647 servitio
439 3595 493 3646 tuo
505 3587 563 3646 tibi
575 3588 621 3644 sac
641 3605 706 3645 eam
726 3604 787 3645 esse
807 3584 954 3657 devotam,
975 3591 1011 3643 ut
1031 3588 1187 3663 temporali
1207 3607 1296 3648 eursu

90 3669 219 3728 fideliter
232 3675 359 3746 peracto,
374 3670 429 3727 sub
442 3669 498 3726 alis
510 3667 716 3726 misericordia
729 3673 790 3725 tua
805 3668 945 3725 continue
958 3666 1143 3745 requiescens
1162 3668 1295 3745 quietem
1306 3712 1310 3720 -

91 3756 264 3828 perpetuam
278 3756 482 3826 consequatur.
525 3747 584 3806 Per
597 3747 758 3806 Christum.

151 3830 267 3889 Deinde
281 3838 415 3905 eaperqat
429 3849 494 3888 eam
507 3847 587 3904 aqua
600 3827 752 3900 benedicte,
768 3825 889 3885 dicende
899 3850 909 3886 :

151 3910 191 3969 In
205 3911 324 3968 nomine
338 3909 438 3967 Patris
452 3915 483 3967 et
495 3909 567 3967 Filii
581 3914 612 3966 et
625 3907 754 3985 Spiritus
768 3907 876 3966 Sancti
1033 3959 1037 3967 .

152 3990 216 4063 Quo
234 3989 320 4065 jacto
344 3990 488 4065 aecipiena
514 3989 677 4065 Episcopus
702 3986 852 4046 mutlierem
870 4006 926 4063 per
948 3986 1095 4046 dexteram
1115 4007 1241 4048 neonem
1257 3990 1294 4050 in

88 4091 184 4131 mono
196 4090 252 4130 auo
265 4071 435 4130 introducat
448 4089 512 4128 eam
525 4069 559 4127 in
573 4068 732 4128 Ecclesiam
744 4067 785 4126 eie
799 4067 941 4127 ditando:

150 4151 309 4228 Ingredere
323 4152 356 4209 in
373 4150 518 4228 templum
539 4149 598 4207 Dei
618 4148 690 4219 vivi,
711 4153 743 4206 et
762 4167 814 4205 ora
832 4147 945 4205 Filium
958 4145 1082 4224 virginis
1103 4147 1216 4221 Mariee,
1238 4149 1293 4226 qui

88 4230 172 4291 dedit
185 4233 243 4291 tibi
255 4231 467 4291 fecunditatem
481 4229 572 4306 prolia
586 4229 742 4308 parienda,
763 4234 799 4287 ut
818 4227 959 4286 concedet
971 4227 1029 4285 tibi
1042 4228 1137 4286 vitam
1151 4235 1294 4288 aternam

88 4319 121 4372 et
133 4313 217 4371 vivas
230 4314 262 4371 in
276 4313 383 4371 saeeula
396 4310 577 4370 saeculorum.
619 4311 727 4369 Amen.

149 4394 264 4453 Deinde
277 4394 424 4470 precedat
438 4389 601 4467 Episcopus
621 4410 688 4450 mem
709 4387 856 4448 miaeialrie
876 4387 941 4448 auio
963 4388 1116 4449 neulierem
1140 4389 1182 4450 eie
1203 4389 1294 4451 iatro-
