3022 4966
221 354 285 417 206
622 354 803 422 Dosaoota
816 353 1018 442 Marparota

219 540 331 599 Filium
351 540 498 615 hominis3
516 541 643 619 gaudete
665 548 696 601 et
716 542 858 615 exultate,
880 560 945 601 eeoe
966 541 1046 600 enim
1068 560 1178 601 meroes
1200 547 1301 600 vestra
1324 543 1420 601 multa

219 642 266 696 est
277 637 311 694 in
324 637 402 695 ooelo.

223 734 254 793 V.
277 734 317 792 In
329 753 447 792 omnem
460 740 569 792 terram
584 733 680 792 exivit
693 753 783 793 sonus
795 753 905 793 eorum.

281 829 323 888 Et
335 830 369 886 in
381 830 455 888 lines
469 830 556 888 orbis

279 927 389 987 Oratio.
431 928 515 1001 Esto,
529 927 658 988 Domine
671 929 724 1007 (at
736 929 771 987 irs
783 928 905 988 Missali
917 929 951 987 ia
964 928 1036 1007 dio).

530 1157 582 1216 Du
601 1174 716 1216 seuero
736 1158 926 1231 Lnunmo,
948 1175 1102 1217 marran

277 1237 459 1314 Aetatem.

283 1337 396 1397 Beatus
418 1339 606 1412 Laurentius,
620 1340 692 1398 dum
712 1301 745 1398 in
759 1340 901 1399 oraticula
914 1341 1084 1418 suppositus
1097 1347 1241 1413 ureretur,
1257 1341 1296 1398 ad
1309 1341 1420 1418 impiis·

219 1434 327 1493 simum
354 1443 516 1512 tyrannum
537 1437 636 1512 dixit5
664 1437 808 1496 Assatum
835 1443 889 1509 est,
912 1438 926 1514 j
1004 1456 1089 1496 versa
1112 1444 1143 1497 et
1167 1438 1321 1510 manduca,
1347 1457 1418 1494 nam

215 1531 370 1592 &cultates
385 1534 522 1593 Ecclesiae
536 1554 610 1613 quas
623 1535 758 1612 requiris,
772 1535 806 1593 in
818 1535 947 1594 caelestes
966 1535 1118 1594 thesauros
1135 1554 1240 1593 manus
1253 1553 1416 1612 pauperum

216 1627 455 1706 deportaverunt

222 1724 253 1785 V.
275 1725 425 1803 Dispersit
438 1733 469 1786 et
482 1726 564 1786 dedit
576 1727 769 1806 pauperibus:

276 1821 298 1879 J
300 1823 405 1880 ustitia
417 1823 481 1899 ejus
494 1830 596 1882 manet
608 1824 641 1881 in
654 1823 795 1883 saeouhm
808 1824 915 1884 result

277 1917 387 1980 Oratao.
430 1920 479 1979 Da
491 1920 585 1993 nobis,
601 1940 770 1998 quesumus
783 1921 834 2000 (at
847 1921 883 1980 ia
895 1921 1016 1982 Missoli
1028 1921 1063 1981 io
1075 1923 1148 2002 dio)

277 2014 506 2094 torporem-ium.
550 2012 822 2078 Cimumdederunt

551 2229 601 2288 Dn
622 2245 735 2289 sauma
755 2229 908 2304 Nmonno,
930 2246 1080 2289 nrrscoro.

273 2307 452 2386 Antiphone.
1002 2343 1005 2350 ·

277 2404 419 2483 Opastor
438 2407 600 2481 aterne,0
621 2407 748 2466 clemens
768 2413 800 2466 et
820 2408 897 2466 bone
916 2412 1023 2481 eustos,
1041 2407 1094 2485 qui
1112 2426 1180 2465 eum
1200 2407 1301 2466 devoti
1320 2406 1417 2484 gregis

218 2519 318 2578 preces
331 2503 508 2576 attenderes,
517 2522 589 2561 vooe
602 2502 684 2580 lapsa
697 2504 733 2561 de
746 2504 817 2562 caelo
830 2503 950 2581 praesuli
969 2504 1153 2563 sanctissimo
1170 2504 1294 2582 dignum
1307 2503 1416 2580 episeo-

91 2574 95 2582 ’
136 2682 138 2686 Α
213 2605 287 2675 patu
301 2592 459 2657 Nicolaum
472 2601 630 2659 ostendisti
643 2606 731 2659 tuum
744 2601 897 2659 famulum.

220 2697 249 2756 V.
271 2697 398 2754 Amavit
411 2718 479 2754 eum
493 2700 582 2770 Dauo,
599 2705 630 2756 et
643 2700 760 2756 ornavit
774 2719 843 2756 eum
858 2720 864 2757 :

272 2792 355 2850 Stola
368 2794 467 2870 gloriae
481 2794 580 2850 induit
594 2814 669 2852 eum.

273 2888 381 2946 Oratio.
426 2888 516 2961 Deus,
532 2889 584 2965 qui
598 2889 779 2966 beatun1(at
793 2889 827 2947 irs
841 2889 960 2948 Miseali
974 2892 1007 2949 ia
1021 2891 1093 2970 die).

602 3103 652 3159 Dr
673 3118 787 3162 snam
808 3103 1009 3164 Karnnmsn

271 3183 449 3260 alapiona.

269 3283 380 3340 Inclita
399 3287 507 3341 sancta
528 3281 653 3359 virginis
674 3281 851 3340 Katharinse
872 3281 1026 3341 sollemnia
1047 3283 1188 3361 suscipiat
1207 3283 1343 3342 alacriter
1360 3285 1412 3360 pia

209 3385 304 3439 mater
317 3380 454 3439 Ecclesia

612 3461 680 3519 Ave
695 3461 778 3538 virgo
791 3460 850 3519 Dei
863 3461 962 3538 digna,

611 3558 679 3616 Ave
693 3558 787 3616 duleis
800 3564 831 3616 et
844 3558 980 3636 benigna,

612 3656 723 3714 Obtine
736 3657 821 3714 nobis
834 3656 943 3735 gaudia

612 3755 685 3824 Quae
696 3755 826 3832 possides
839 3775 907 3815 eum
919 3755 1021 3834 gloria.

211 3850 241 3911 V.
264 3852 382 3910 Diffusa
395 3859 439 3911 ost
452 3854 548 3929 gratia
561 3854 593 3910 in
606 3852 693 3911 labiis
707 3853 780 3912 tuis:

267 3948 428 4025 Propterea
441 3950 602 4006 benedixit.

270 4047 380 4107 Oratio.
423 4048 514 4123 Deus,
526 4049 578 4125 qui
591 4046 700 4106 dedisti
714 4046 760 4126 (at
774 4048 808 4106 in
822 4046 941 4106 Missali
953 4048 988 4106 in
997 4048 1070 4127 die).

601 4245 651 4302 Du
671 4260 785 4303 aaron
806 4244 1011 4305 Miasena-ra

264 4323 441 4400 Antiphone.

264 4421 367 4480 Simile
380 4430 424 4481 est
438 4441 561 4498 regnum
572 4420 709 4480 coelorum
724 4441 837 4500 sagonae
851 4422 947 4482 missae
961 4424 993 4482 in
1008 4445 1088 4484 mare
1102 4432 1132 4485 et
1152 4446 1189 4485 ex
1203 4428 1284 4485 omni
1297 4448 1406 4505 genere
