2962 4928
414 292 581 359 Manuale
594 292 642 359 od
655 313 759 358 usum
772 292 908 361 &rau

320 510 513 569 Baiisniono
532 525 634 568 arona
653 525 693 568 rr
711 524 865 568 mirum
888 523 993 567 siiiun

119 626 252 686 Oramus.
297 625 425 686 Oramus.

119 707 247 766 Domine
267 707 289 766 J
290 726 341 765 esu
363 707 489 776 Christe,
504 706 564 763 Fili
585 705 644 763 Dei
658 706 730 780 viri,
745 707 799 784 qni
818 706 886 785 pius
903 712 936 764 et
954 703 1120 764 miseriem!
1139 723 1190 764 ore
1210 709 1265 763 tuo

59 795 161 847 sancto
172 795 203 845 et
221 787 376 845 benedicto
389 787 504 860 dixisti,
519 786 633 844 Venite
645 786 684 844 ad
703 806 752 845 me
765 806 867 847 omnes
879 787 933 864 qni
952 785 1093 844 laboratis
1106 791 1138 844 et
1149 784 1267 844 onusti

60 869 140 941 estis,
154 874 185 926 et
199 887 252 945 ego
265 869 394 925 reficiam
407 887 468 938 vos,
482 873 514 925 et
527 867 687 925 invenietis
700 869 834 945 requiem
847 867 1003 927 animabus
1015 866 1141 938 vermis,
1156 867 1265 945 jugum

60 949 139 1007 enim
153 967 251 1006 meum
266 968 355 1006 suave
368 955 433 1020 eet;
452 955 483 1006 et
497 967 572 1005 onus
591 966 692 1005 meum
706 947 790 1007 lere:
809 948 917 1007 stolam
930 948 1021 1007 islam
1033 953 1065 1006 et
1077 946 1264 1025 manipulum

59 1030 150 1088 istum
170 1049 257 1105 quem
271 1028 376 1087 famuli
395 1028 443 1086 tui
460 1027 622 1088 saoeidotes
636 1036 668 1086 et
686 1028 785 1087 leritae
798 1029 838 1087 ad
850 1027 1067 1087 ostendendum
1080 1047 1113 1086 se
1125 1026 1266 1087 servituti

60 1116 119 1167 tuse
133 1110 314 1185 mancipatos
327 1109 471 1186 gestaturi
484 1115 563 1180 sunt,
575 1106 805 1189 beneffldiaere,
819 1106 1052 1189 sanetifflfieure
1064 1115 1155 1186 atque
1167 1126 1265 1167 oense

61 1187 337 1270 ›1⁴0raredigneiis,
352 1196 498 1266 quatenus
516 1189 559 1248 eie
572 1196 691 1248 utentes
700 1192 808 1268 jugum
828 1197 916 1248 tuuni
929 1209 1021 1248 snare
1038 1195 1070 1248 et
1089 1208 1165 1247 onus
1177 1197 1265 1247 tuum

60 1270 125 1328 leve
138 1271 276 1341 sentiant,
291 1277 322 1328 et
334 1270 490 1329 animabus
503 1271 564 1329 suis
577 1270 711 1347 requiem
724 1271 881 1331 inveniant
897 1271 1116 1348 sempiternam.
1159 1268 1219 1330 Per
1233 1277 1265 1330 ie

61 1350 197 1410 Salvator
209 1352 322 1426 mundi,
339 1351 407 1411 Rex
419 1351 529 1430 gloriae.
571 1351 631 1423 Qui
644 1351 729 1412 risis.

488 1592 682 1653 anierio
702 1608 835 1654 cisiis.

123 1672 234 1733 Oratio.

120 1754 202 1811 Deus
226 1751 292 1810 sons
313 1753 434 1829 pietatis
458 1759 489 1810 et
509 1753 646 1829 justitiae,
668 1753 721 1829 qui
743 1753 790 1811 tui
817 1752 915 1829 operia
936 1753 1089 1812 ministros
1111 1753 1149 1812 ad
1170 1762 1267 1814 extre·

61 1853 144 1891 mum
165 1833 411 1891 vestimentorum
431 1852 552 1890 suorum
571 1833 680 1904 ausula,
701 1834 787 1912 eujus
806 1832 994 1891 munimento
1014 1833 1141 1892 interius
1163 1836 1268 1895 omnia

63 1920 241 1990 tegerentur,
276 1913 380 1971 vestiri
414 1912 541 1970 sanxisti
574 1912 700 1970 eonaede
732 1913 868 1988 precibus
907 1913 1018 1971 nostris
1051 1913 1195 1972 virtutem
1235 1922 1268 1977 et

64 1992 355 2071 beneffldictionem
374 1993 478 2069 gratiae
502 1999 570 2065 tuse,
592 1999 628 2049 ut
647 2010 750 2049 omnes
767 1991 821 2050 hac
845 1991 945 2051 ossula
965 1992 1064 2050 induti
1085 1995 1267 2054 enumeratis

63 2071 189 2129 interius
222 2073 355 2129 omnium
383 2072 530 2130 virtutum
560 2071 753 2142 ornamentis,
780 2070 934 2128 vinculum
966 2072 1102 2149 portatae
1135 2074 1268 2135 mutatis

63 2171 151 2227 super
171 2152 270 2209 omnia
289 2151 418 2210 habeant
439 2159 471 2209 et
490 2159 663 2210 conservant
672 2170 682 2223 ;
708 2170 768 2227 quo
791 2151 931 2227 perfieera
952 2151 1072 2211 valesiit
1091 2154 1269 2215 sacrificium

63 2232 119 2289 tibi
131 2239 248 2307 gratum
262 2251 316 2308 pro
328 2232 406 2290 viris
419 2238 450 2289 et
463 2231 597 2301 mortuis,
605 2238 636 2289 et
649 2250 715 2308 quse
729 2230 852 2307 adipisci
865 2230 1043 2307 desiderant,
1052 2233 1161 2293 devota
1168 2242 1267 2297 mente

63 2312 185 2389 implere
198 2311 323 2370 valeant
367 2312 531 2370 Praestinte
552 2310 682 2369 Domino
695 2317 804 2369 nostro.
848 2310 909 2381 Qui
923 2311 1007 2372 vivit.

223 2550 415 2610 Basanioiio
436 2566 614 2628 sissinius,
635 2568 692 2612 aru
714 2569 932 2614 iius-nisurus
953 2554 1101 2614 Anriais.

126 2663 236 2722 Oratio.

124 2743 244 2801 Exaudi
267 2762 367 2820 preces
390 2750 515 2817 nostras,
541 2745 689 2807 Domine:
722 2753 754 2805 et
775 2747 836 2806 hier
863 2747 1040 2808 linteamina
1068 2750 1146 2810 aseri
1168 2749 1272 2813 altaris

63 2825 131 2882 usui
145 2830 309 2902 praeparata
322 2821 549 2904 baneffldieere,
563 2833 594 2885 et
606 2825 838 2908 saneti-Mesia
851 2828 989 2909 digneris
1031 2830 1091 2891 Per
1105 2831 1270 2894 Dominum

64 2911 206 2965 nostrum.

128 3001 236 3060 Oratio,

124 3082 252 3139 Domine
272 3081 355 3139 Deus
375 3083 567 3159 omnipotens,
583 3085 636 3161 qui
655 3086 782 3163 Moysen
802 3087 947 3149 famulam
968 3097 1055 3149 tuum
1074 3111 1127 3169 par
1145 3093 1270 3171 quamn

64 3161 147 3238 ginta
167 3162 228 3219 dies
251 3169 424 3220 ornamenta
448 3170 479 3221 et
499 3164 674 3224 linteamina
698 3169 793 3227 faeere
812 3169 949 3243 docuisti,
970 3190 1036 3248 qun
1058 3173 1149 3231 etiam
1171 3174 1270 3235 Maria

66 3242 164 3298 texuit
197 3242 229 3298 in
263 3262 350 3300 usum
383 3243 567 3304 tabernaculi
599 3245 738 3322 soederia5
773 3248 1003 3328 benevlsdicere,
1038 3250 1271 3333 sanotiffliieare

66 3327 97 3378 et
117 3319 329 3400 eonsefflcrars
350 3322 479 3400 digneris
499 3325 561 3383 hiso
581 3326 757 3386 linteamina
769 3328 807 3386 ad
828 3330 986 3407 tegendum
1004 3338 1036 3387 et
1056 3331 1269 3395 involvendum

66 3400 159 3458 altare
178 3402 380 3479 gloriosissimi
404 3404 476 3462 Filii
499 3405 546 3464 tui
567 3405 690 3464 Domini
710 3409 807 3466 nostri
826 3408 901 3468 Jesu
923 3409 1043 3468 Christi.
1090 3410 1151 3482 Qui
1172 3419 1271 3476 tecum

66 3482 148 3540 vivit.

489 3646 682 3709 Bsuiniono
704 3664 838 3708 rursum

128 3722 236 3782 Oratio.

127 3804 253 3862 Oramus
268 3805 375 3864 fratres
388 3806 579 3880 dilectissimi,
594 3816 629 3867 ut
642 3809 752 3868 divinae
771 3810 875 3888 glutire
889 3811 1055 3872 benedictio
1074 3833 1108 3873 co
1211 3822 1274 3877 croi

67 3890 98 3940 et
118 3883 329 3962 sanotiffiticet
349 3887 424 3944 hano
439 3894 578 3962 patenam
598 3890 636 3947 ad
656 3890 901 3969 confringendum
922 3892 953 3951 in
968 3912 1003 3953 ea
1023 3811 1273 3973 commilitii

66 3966 161 4021 nostri
180 3966 202 4023 J
204 3985 254 4022 esu
270 3965 391 4036 Christi,
406 3967 459 4042 qui
479 3968 574 4026 erucis
593 3970 759 4047 passionem
779 3973 924 4033 sustinuit
946 3993 1001 4052 pro
1020 3974 1117 4036 saluta
1137 3976 1270 4039 munium

67 4051 210 4103 nostium.
254 4046 315 4114 Qui
329 4047 405 4104 vivit
419 4054 450 4104 et
464 4055 574 4125 regnat.

131 4143 240 4199 Oratio.

131 4222 327 4315 Omnipotens
353 4224 531 4300 sempiterne
555 4224 647 4299 Deus,
674 4228 732 4324 (pii.
755 4229 893 4326 legalium
922 4233 1078 4296 institutor
1108 4256 1139 4295 aa
1165 4236 1274 4299 hostia·

69 4323 136 4359 rum
150 4323 156 4358 :
178 4321 288 4377 quique
308 4309 388 4361 intei-
400 4322 449 4361 eas
463 4324 647 4383 eonspersam
667 4310 864 4391 similaginem
878 4314 988 4375 dolori-i
1001 4315 1033 4375 iu
1047 4317 1163 4396 putauit
1176 4318 1274 4383 aureis

70 4391 100 4440 et
127 4384 273 4460 argenteis
304 4383 342 4441 ad
373 4383 467 4443 altere
499 4391 586 4446 tuum
616 4388 751 4466 jussisti:
787 4393 1015 4476 boneffldieera,
1042 4396 1273 4484 uiietiffissesre
