3022 4966
146 371 209 433 102
546 368 748 435 insomne
769 367 939 455 nepes.

142 550 285 626 junctus3
309 539 470 627 scissisque>
491 550 537 607 illi
554 557 633 622 sunt,
655 551 793 624 Domine,
815 550 911 628 dignoe
932 550 1109 609 cruciatibus
1129 550 1231 627 culpae,
1248 558 1282 608 tu
1297 571 1345 609 ess

146 625 243 723 grstia
255 627 418 725 mitissime
432 647 565 705 lenitatis
578 647 717 724 indulge,
736 667 791 706 nec
804 647 914 724 peccati
930 647 1054 724 recipiet
1067 648 1170 719 vicem,
1186 647 1237 704 sed
1251 647 1345 704 indul-

146 746 254 820 gentiae
268 729 422 821 insipiam
436 745 547 803 sentiat
559 746 742 805 bonitatem:
764 765 889 822 cumque
909 746 993 802 finito
1014 745 1119 803 mundi
1131 746 1260 802 termino
1274 765 1346 801 sem·

146 821 298 927 piteiirum
319 842 432 900 cunctis
452 842 587 901 illuxerit
606 863 738 918 regnum,
759 842 892 899 omnium
916 848 1083 899 sanctoruni
1103 843 1226 899 metibus
1246 862 1346 918 eggre-

138 915 328 1026 gsituffcum
356 938 456 997 clectis
479 941 540 998 tuis
555 946 701 1017 'resurget
728 940 760 996 in
784 944 868 1014 perte
893 938 1016 996 dextero
1042 942 1233 998 coronandus.
1287 940 1346 996 Per

102 1028 299 1120 5'jilhr‘istum
314 1035 478 1095 Dominum
492 1043 634 1095 nostrum.

208 1130 341 1190 Oremns.
385 1132 494 1192 Oratio

93 1212 127 1238 '³
208 1225 353 1285 Debitum
374 1229 497 1288 humani
522 1231 651 1307 corporis
675 1229 836 1306 sepeliendi
859 1229 987 1287 officium
1011 1229 1144 1287 fidelium
1168 1250 1248 1287 more
1270 1249 1346 1287 com-

147 1321 271 1398 plentes,
286 1324 385 1383 Deum
399 1328 447 1384 cui
461 1327 561 1384 omnia
574 1327 683 1384 visunt
696 1327 824 1384 fideliter
839 1326 1036 1402 deprecemur,
1050 1333 1086 1383 ut
1100 1326 1154 1383 hoc
1168 1345 1273 1401 corpus
1286 1325 1345 1381 cori

147 1421 242 1478 nostri
255 1422 288 1479 in
301 1423 476 1482 infirmitate
492 1424 641 1500 sepultum
654 1425 687 1482 in
701 1425 803 1482 ordine
817 1431 987 1481 sanctorum
1006 1444 1126 1481 suorum
1140 1424 1302 1492 resuscitet,
1316 1428 1347 1479 et

146 1517 210 1592 ejus
237 1519 375 1594 spiritum
403 1523 512 1580 sanctis
535 1528 567 1580 et
591 1522 726 1579 fidelibus
749 1522 810 1579 suis
834 1522 986 1598 aggregari
1008 1522 1121 1597 jubeat,
1147 1541 1214 1578 curn
1238 1520 1346 1595 quibus

147 1616 339 1674 inenerrabili
365 1619 459 1695 glorie
482 1627 513 1677 et
536 1619 659 1696 perenni
680 1618 821 1677 felicitate
841 1620 955 1696 pertrui
972 1625 1127 1679 mereatur.
1181 1618 1345 1676 Praestante

46 1748 52 1761 ·
146 1712 276 1773 Domino
290 1723 390 1774 nostro
404 1718 478 1776 Jcsu
493 1718 618 1776 Christo.
661 1716 802 1787 Quicum
816 1716 912 1776 Patre.

205 1811 266 1871 Hic
289 1823 366 1888 repet
388 1833 472 1873 orare
488 1834 546 1891 pro
566 1833 596 1872 eo
617 1822 643 1871 et
660 1834 717 1889 pro
739 1812 873 1872 coestibus
895 1813 1107 1888 quiescentibus
1127 1813 1160 1871 in
1181 1812 1342 1870 crerrwterio.

145 1907 286 1967 Psalmus
300 1909 439 1988 (cneio),
454 1911 501 1969 De
515 1910 677 1988 profundis.

207 2006 304 2083 Kyric
317 2008 442 2085 eleyson.
487 2006 604 2065 Christe
618 2007 743 2084 eleyson.
787 2007 883 2084 Kyrie
897 2008 1024 2084 eleyson.

207 2103 299 2163 Pater
312 2112 420 2178 noster,
435 2106 497 2164 sine
510 2115 587 2164 ricta.
631 2105 673 2164 Et
688 2126 725 2164 ne
738 2125 799 2165 nos.

208 2202 355 2279 Requicm
368 2211 516 2261 veternam.

208 2297 303 2357 Oredo
317 2300 425 2358 videre

207 2394 240 2450 A
252 2403 339 2471 porte
352 2397 448 2455 inferi.

208 2490 357 2551 Dominus
369 2493 528 2553 vobiscum.
572 2494 705 2553 Oremns

207 2586 328 2645 Partem
356 2588 449 2647 bestae
477 2592 697 2650 resurrectionis
724 2591 866 2662 obtineat,
890 2590 1044 2665 vitamque
1071 2594 1212 2646 aeternnm
1240 2589 1347 2647 habere

149 2692 297 2742 merentur·
309 2684 340 2740 in
351 2686 437 2757 caelis,
453 2688 560 2760 Porto,
575 2689 597 2746 J
598 2708 649 2745 esu
661 2687 788 2759 Christo,
799 2689 840 2746 sal
846 2694 928 2744 votor
942 2686 1053 2743 mundi.
1098 2686 1235 2756 Quicum
1248 2687 1345 2745 Patre.

209 2782 342 2840 Ommm.

208 2880 350 2952 Absolve,
366 2901 542 2956 quaesumns,
559 2881 694 2954 Domino,
716 2882 845 2939 animam
868 2882 972 2940 famuli
996 2882 1042 2938 tui
1063 2879 1101 2937 ab
1123 2880 1203 2937 omni
1227 2879 1346 2934 vinculo

148 2978 331 3049 delictorum,
346 2979 426 3035 utin
441 2979 662 3035 resurrectionis
678 2979 772 3055 glorie.
786 2980 865 3038 inter
880 2987 997 3038 sanctos
1010 2984 1041 3036 et
1054 2979 1160 3036 electos
1175 2983 1240 3032 tuos
1255 2995 1346 3032 rosus-

147 3076 257 3134 citstus
270 3077 400 3151 respiret.
444 3075 504 3135 Per
517 3075 668 3134 Christum
683 3077 853 3135 Dominum.

211 3173 345 3230 Oremns.

208 3270 298 3341 Dens,
329 3270 414 3345 cujus
442 3270 630 3330 miseratione
654 3272 760 3330 enimse
787 3271 920 3329 fidolium
948 3271 1145 3347 requiescunt,
1170 3268 1288 3326 famulis
1315 3275 1345 3324 et

147 3367 312 3426 famulabus
334 3367 394 3425 tuis
414 3368 550 3426 omnibus
569 3368 617 3426 bic
638 3375 669 3427 et
688 3369 798 3446 ubique
811 3370 844 3426 in
859 3369 977 3427 Christo
991 3367 1216 3444 quiescentibus,
1231 3365 1269 3423 de
1283 3384 1347 3439 pro-

148 3465 241 3540 pitius
255 3465 373 3524 veniam
386 3473 580 3542 peccatorum,
595 3473 629 3524 ut
643 3487 662 3524 n
675 3467 790 3525 cunctis
808 3467 939 3524 restibus
959 3466 1088 3524 absoluti
1102 3473 1200 3524 tecum
1213 3465 1276 3522 sine
1289 3463 1347 3520 fine

148 3563 293 3621 laetentur.
337 3564 396 3621 Per
410 3566 536 3623 eundem
550 3563 704 3622 Christum
717 3565 881 3622 Dominum
895 3571 1038 3622 nostrum.

209 3659 343 3718 Oremus.
387 3660 497 3724 Oratio.

208 3760 356 3820 Fidelium
370 3760 453 3819 Deus
467 3762 599 3819 omnium
616 3761 751 3819 conditor
764 3766 795 3818 et
808 3760 984 3836 ledemptor,
1000 3757 1155 3815 animabus
1169 3757 1347 3813 famulorum

147 3857 383 3935 famularumque
406 3865 527 3917 tuarum
548 3861 750 3918 remissionem
777 3864 951 3915 cunctorum
975 3854 1073 3911 tribue
1097 3859 1290 3927 peccatorum,
1313 3858 1348 3909 ut

147 3952 373 4029 indulgentiam,
402 3974 492 4029 quom
519 3975 634 4031 semper
660 3961 848 4032 optaverunt,
874 3954 932 4030 piis
959 3946 1224 4026 supplicationibus
1251 3966 1348 4005 conse-

147 4055 287 4124 quantur.
330 4050 390 4120 Qui
403 4052 482 4109 vivis
495 4058 651 4128 ctregnss.

207 4144 322 4203 Anime.
345 4147 409 4222 ejus
431 4153 463 4205 et
485 4147 592 4206 nnimae
612 4147 745 4205 omnium
772 4145 905 4203 fidelium
932 4142 1138 4200 defunctorum
1162 4160 1215 4216 por
1238 4142 1347 4198 miseri-

146 4227 276 4299 cordium
291 4241 350 4300 Dei
363 4242 395 4299 in
409 4262 479 4319 pace
493 4244 685 4320 requiescent.
728 4238 857 4300 Amen*

187 4487 195 4497 ⁸
264 4433 276 4456 ⁶
293 4432 346 4478 The
356 4431 471 4478 Bodleian
481 4430 535 4477 Me.
546 4429 603 4477 herc
612 4430 681 4488 ends,
691 4428 752 4477 with
763 4429 888 4490 “Explicit
898 4428 1010 4476 Manuale
1020 4427 1045 4475 in
1055 4442 1119 4475 rouen
1130 4429 1213 4475 Ebor.''
