3022 4966
438 219 488 283 Ia
501 216 558 284 dis
571 216 774 285 Nativitotis
788 218 944 286 Domi-al.

89 396 1298 541 Ἦ

111 558 519 617 Ιιιθοάἰ-οοηεπ-ῒιι-Ιίἡ
552 558 794 616 ai·sa··ta:
870 559 1047 618 Pari-es
1098 561 1276 619 fi-li·um

90 716 1298 864 m

119 880 234 959 vir-go
276 880 519 954 in-tnc-ta3
598 880 713 938 lesus
757 880 873 937 er-ii
920 900 1062 940 no·men
1110 885 1234 960 e·jus

92 1038 1297 1185 Μ

113 1206 255 1260 cunc-ta
295 1220 349 1277 per
396 1220 435 1258 sse
456 1236 466 1245 -
486 1200 539 1259 ela.
594 1201 667 1270 Qua
691 1200 801 1257 dic-ta
824 1206 894 1259 crini
926 1201 963 1259 de
996 1210 1027 1260 to
1050 1204 1195 1280 jamjam
1215 1211 1287 1262 sunt

154 1402 269 1463 Chorus
282 1404 450 1480 responderi
471 1403 588 1462 Versum
601 1412 761 1478 sequentem
774 1403 825 1462 loc
837 1403 922 1462 modo
933 1428 943 1463 .·

153 1484 308 1560 Tanquam
321 1503 454 1559 sponsus,
469 1490 495 1541 el
509 1491 607 1542 cetera.

155 1562 263 1625 Clerici
276 1572 391 1623 coreteut
403 1564 479 1621 leone
493 1563 618 1621 Prosom
630 1571 791 1638 sequentem
804 1564 839 1622 ia
851 1563 929 1622 leam
942 1565 1063 1623 enodem
1076 1573 1236 1641 sequentem
1246 1587 1256 1623 :

153 1643 258 1703 Proso.
301 1644 459 1701 Familiam
480 1643 603 1715 custodi,
620 1643 746 1715 Christe,
761 1649 853 1716 tuam,
871 1644 924 1721 qui
943 1651 1034 1703 natus
1054 1645 1132 1703 alma
1145 1646 1182 1703 de
1196 1644 1297 1702 Maria

93 1724 247 1783 redemisti
258 1729 354 1781 morlo
368 1729 429 1795 tua,
444 1729 480 1780 ut
494 1729 648 1799 eognoscat
661 1729 692 1781 to
705 1724 896 1784 conditorem.

156 1802 272 1865 Clorus
278 1812 476 1880 prosequatur
486 1828 496 1862 .·
517 1804 620 1862 Gloria
634 1804 727 1861 Patri.

155 1882 262 1945 Clerici
282 1882 375 1942 ollam
395 1884 540 1943 I'rosu-ou:
564 1884 606 1941 Te
626 1884 759 1955 landant,
781 1884 857 1942 alme
878 1904 940 1956 rex,
962 1884 1060 1958 iollae,
1082 1891 1199 1961 pontus,
1222 1884 1295 1957 eseli,

93 1964 198 2023 sidera.

156 2044 228 2116 Ques
240 2043 347 2103 scilieet
361 2044 456 2102 Proso
469 2044 504 2102 ise
516 2043 583 2120 ipso
596 2044 719 2102 statione
738 2052 806 2101 oruc
823 2042 948 2102 Crucem
961 2043 997 2101 ab
1011 2044 1085 2119 ipsis
1097 2044 1230 2119 finiet-ar
1237 2064 1250 2114 ,·
1271 2052 1298 2102 et

87 2132 156 2201 post
168 2143 402 2199 uanosqaemque
421 2123 540 2183 Versu-m
559 2124 729 2199 respoudeat
750 2122 865 2182 Chorus
880 2131 1001 2181 coest-um
1014 2124 1114 2181 Prosce
1134 2142 1221 2198 super
1241 2131 1297 2182 tres

93 2204 243 2265 mcolesA
258 2204 289 2260 Ie*
304 2204 336 2276 0,
352 2203 432 2279 quod
442 2205 477 2262 ia
490 2204 624 2263 orionibus
637 2204 804 2261 observetur.

99 2284 129 2342 V.
153 2284 215 2355 Qui
227 2285 340 2360 primus
353 2284 391 2342 ad
405 2288 475 2342 vota
490 2290 547 2341 tuse
562 2282 725 2360 majestatis
738 2282 866 2340 condens
880 2280 986 2340 omnia.
1030 2283 1069 2338 A.

98 2364 129 2423 V.
152 2364 253 2423 Hodie
265 2370 371 2421 natum
384 2369 454 2421 ante
468 2363 582 2421 scocula.
625 2364 666 2420 A.

100 2444 130 2503 V.
153 2444 265 2503 Filium
278 2462 331 2520 per
344 2444 468 2520 virginis
483 2444 601 2509 viscora.
645 2444 683 2499 A.

66 2526 74 2541 '
99 2522 130 2583 V.
153 2524 245 2582 Nasci
258 2524 377 2582 mundo.
420 2524 460 2582 A.
561 2574 565 2579 .

98 2604 130 2663 V.
153 2604 294 2662 Voluisti.
335 2604 376 2661 A.

99 2684 129 2743 V.
151 2682 217 2743 'lua
230 2683 394 2742 clementia.
436 2685 477 2740 A.

98 2764 129 2823 V.
153 2764 201 2825 Ut
212 2763 335 2842 pelleres
349 2763 428 2821 orbis
442 2762 566 2820 erimina
579 2762 703 2821 veniens
716 2762 771 2820 lux
792 2782 887 2822 aurea.

156 2844 272 2906 Cleorus
284 2842 453 2920 respondeat
467 2864 497 2902 eo
511 2843 594 2901 modo
609 2853 643 2902 ul
656 2844 789 2919 sequitur
802 2844 844 2902 sic
854 2867 864 2903 :

155 2924 287 2984 Fabricae
300 2924 413 2981 mundi

154 3004 198 3065 Ia
209 3004 335 3063 introita
349 3002 442 3063 Cleori
453 3003 512 3063 lucc
525 3022 643 3079 sequeus
656 3004 838 3081 Antiphone,
853 3013 969 3063 cosdore
982 3002 1155 3080 incipiente:

155 3084 256 3144 Hodie
276 3084 414 3143 Christus
434 3090 523 3143 natus
537 3090 600 3157 osl3
620 3084 708 3142 hodio
730 3086 867 3143 Salvator
880 3085 985 3142 mundi
1006 3084 1151 3161 apparuit.
1195 3082 1297 3142 Hodie

91 3166 126 3225 in
153 3170 234 3224 terra
260 3170 372 3223 canunt
399 3165 505 3241 angeli,
532 3164 674 3222 laelanlur
699 3164 886 3241 archangeli:
917 3164 1018 3223 Hodie
1044 3164 1196 3223 exsultent
1219 3163 1297 3239 justi

91 3246 233 3318 dicentes,
248 3244 351 3303 Gloria
363 3245 396 3302 in
410 3244 532 3303 excelsis
546 3244 618 3303 Deo.
651 3244 811 3319 ‚Alleluya

154 3324 446 3400 similutudine
465 3344 526 3383 uoa
539 3323 663 3398 adliciat
675 3325 716 3381 oct
735 3324 889 3382 introitum
904 3322 1003 3396 Chori,
1020 3330 1090 3382 tuae
1102 3331 1251 3399 repetat-ar
1263 3322 1298 3381 ies

85 3405 234 3485 proedicto
247 3405 436 3481 Autiplsono:
458 3404 558 3463 Hodie
571 3404 604 3461 iu
618 3409 697 3461 terra
710 3409 822 3460 canunt
835 3403 940 3479 angeli.

100 3486 129 3545 V.
156 3485 336 3544 Benedictus
349 3485 402 3563 qui
415 3485 499 3543 venit
512 3485 545 3541 in
558 3484 676 3541 nomine
691 3483 821 3541 Domini.

155 3564 240 3643 Resp.
283 3566 366 3623 Deus
379 3565 528 3623 Dominus
540 3563 644 3621 illuxit
657 3563 760 3623 nobis:

157 3646 268 3705 Oratio.

155 3726 299 3800 Concede,
314 3744 489 3802 quaeamus,
505 3724 692 3801 omnipotens
706 3723 797 3796 Deus,
812 3728 848 3781 ul
861 3741 915 3781 nos
927 3720 1078 3799 unigeniti
1091 3720 1140 3780 tui
1152 3740 1231 3782 nova
1244 3740 1297 3801 per

91 3826 211 3867 carnem
230 3808 375 3866 nativitas
394 3807 508 3878 liberet,
523 3824 597 3882 quos
618 3804 674 3863 sub
696 3803 809 3882 peceati
824 3804 899 3881 jugo
916 3807 1036 3861 veiente
1052 3800 1181 3861 servitus
1199 3808 1292 3862 tenet.

94 3888 155 3949 Per
166 3888 301 3948 eundem.

154 3966 265 4028 dioclem
277 3976 304 4027 et
316 3968 388 4027 ordo
400 3964 596 4025 Processioais
615 3964 706 4043 liujus
724 3965 785 4025 eliel
804 3963 899 4023 locum
911 3963 1016 4023 lmleeet
1028 3963 1063 4022 iu
1079 3961 1162 4022 ouini
1174 3961 1297 4039 Duplici

93 4048 179 4109 Festo
196 4068 253 4126 per
276 4056 369 4107 totum
392 4066 516 4119 oronam,
531 4047 610 4121 quod
629 4066 664 4105 cs·
682 4046 872 4105 sollemnitate
890 4064 948 4104 suo
967 4043 1182 4103 Processioaem
1203 4041 1294 4114 labet,

92 4138 207 4205 excepto
227 4130 306 4205 quod
318 4129 353 4187 ia
365 4127 435 4186 aliis
455 4126 550 4185 Festis
570 4146 632 4185 uoee
651 4127 770 4184 dicotur
782 4126 886 4199 Proser,
901 4134 928 4185 et
947 4133 1063 4202 eccepto
1075 4122 1294 4199 Purificotionc.

92 4206 130 4269 Si
150 4210 313 4286 Episcopus
331 4226 460 4285 promas
472 4205 572 4282 suerit
594 4214 767 4281 exsequatur
787 4205 934 4281 efficium
957 4206 992 4265 io
1005 4204 1188 4265 Processioae
1200 4219 1298 4264 cosam

92 4287 224 4349 Diaeom‘
235 4299 263 4349 et
275 4287 454 4349 Saltiamui
467 4288 502 4347 e'a
515 4286 608 4347 siruili
621 4287 724 4345 lubitu
737 4286 885 4346 incedunt.
