3022 4966
550 277 726 365 Eraequioe
747 277 971 345 Mortuerum.
1320 283 1362 352 79

216 456 397 533 Ambisna.

149 588 1362 743 Q

226 761 513 836 Se·na‚Dumi-ns‚
540 763 723 823 ani-mam
737 784 858 839 meam;
876 765 967 842 qui-a
987 768 1161 843 pec-ea·vi
1228 767 1323 826 ti-bi.

214 942 396 1019 Antivbom

236 1246 269 1304 si
293 1282 304 1292 .
328 1245 354 1303 u
370 1280 381 1290 -
399 1246 453 1304 vu.
822 1167 1363 1339 Q

903 1376 1293 1437 E-v-o-v-A-E.

159 1559 162 1564 ι
214 1480 355 1541 Paalmus
368 1481 458 1561 (stu)

214 1587 470 1659 Quemadmodum
490 1586 638 1646 desiderat
658 1605 764 1646 cervus
783 1584 822 1645 ad
842 1585 940 1646 fontes
959 1605 1124 1664 aquarum:
1149 1588 1194 1646 ita
1213 1587 1363 1649 desiderat

152 1683 252 1744 anima
264 1704 331 1744 mea
344 1685 383 1744 ad
396 1691 436 1758 te,
452 1685 542 1743 Dens.

213 1789 318 1848 sitivit
341 1790 443 1848 anima
464 1808 531 1869 mea
553 1788 592 1847 ad
616 1789 715 1848 Deum
743 1787 860 1859 fortem,
883 1787 1007 1846 vivum:
1037 1788 1157 1866 quando
1180 1789 1309 1864 veniam,
1330 1798 1364 1851 et

153 1887 299 1964 apparebo
313 1893 384 1946 ante
398 1886 501 1944 faeiem
517 1884 596 1945 Deil

213 1991 351 2050 Fuerunt
372 1991 448 2049 mibi
465 1990 604 2066 lacrymae
625 2008 698 2048 meae
720 2007 812 2067 panea
830 1988 879 2047 die
903 2007 938 2046 ae
952 1995 1054 2063 noete,
1068 1989 1142 2048 dum
1159 1989 1271 2050 dieitur
1288 1991 1365 2050 mibi

152 2086 304 2165 quotidie:
324 2086 391 2145 Ubi
404 2091 450 2144 est
462 2085 546 2143 Deua
559 2085 649 2143 tuusl

216 2187 293 2246 Haee
305 2187 476 2245 reeordatus
489 2205 565 2258 sum,
579 2191 610 2244 et
623 2185 716 2245 effudi
728 2185 762 2243 in
774 2204 823 2245 me
836 2185 967 2244 animam
980 2204 1094 2245 meam:
1115 2187 1257 2265 quoniam
1270 2195 1366 2252 trane

154 2285 204 2345 ibo
217 2285 250 2343 iu
263 2284 362 2343 locum
375 2282 559 2342 tabernaculi
571 2281 764 2355 admirabilis,
776 2301 871 2360 usque
883 2282 923 2341 ad
935 2282 1057 2342 domum
1071 2284 1139 2344 Dei.

214 2390 256 2451 Iu
269 2409 341 2448 voee
354 2387 550 2448 exultationis
562 2394 594 2447 et
606 2387 804 2461 sussionis,
819 2407 909 2447 sonna
921 2389 1078 2466 epulantia

214 2497 314 2569 Quare
328 2495 424 2554 tristis
437 2515 477 2569 es,
491 2495 593 2554 anima
605 2496 691 2554 meai
710 2499 742 2553 et
754 2513 846 2571 quare
859 2495 1020 2570 eonturbas
1033 2497 1101 2555 mel

213 2603 306 2680 Spera
319 2602 352 2659 in
367 2601 441 2675 Deo,
455 2601 597 2678 qnoniam
610 2599 707 2660 adhue
727 2600 889 2660 confitebor
900 2601 965 2676 i11i;
985 2601 1115 2662 salutare
1128 2603 1232 2664 vultus
1245 2607 1313 2684 mei,
1328 2614 1359 2668 et

154 2701 239 2761 Dens
251 2718 342 2758 meus.

212 2805 265 2865 Ad
277 2804 424 2882 meipsum
436 2803 538 2862 anima
550 2822 616 2862 mea
628 2803 805 2862 eontnrbats
818 2809 864 2862 est
876 2824 883 2863 :
904 2809 1061 2882 propterea
1072 2824 1186 2867 memor
1198 2827 1249 2868 aru
1262 2811 1310 2871 tui
1323 2811 1360 2872 de

152 2909 235 2963 tenu
246 2900 270 2960 J
270 2901 398 2974 ardania,
410 2906 442 2959 et
455 2898 617 2959 Hermonii
630 2919 649 2957 a
661 2905 763 2958 monte
776 2899 898 2958 modieo.

212 3006 350 3084 Abyssus
362 3005 503 3082 abyssum
515 3004 646 3077 invoeat,
659 3003 692 3062 in
705 3022 777 3064 voee
790 3009 1006 3064 summram
1019 3010 1149 3065 tuarum.

214 3112 324 3172 Omnia
335 3111 452 3171 exeelaa
465 3118 526 3185 tua,
541 3117 573 3170 at
585 3111 695 3170 fluetus
707 3112 755 3170 tui
767 3130 856 3191 anper
868 3131 916 3170 me
928 3113 1120 3174 transierunt

213 3217 254 3276 In
274 3217 324 3277 die
344 3216 500 3276 mandavit
522 3216 671 3275 Dominus
692 3216 923 3276 misericordiam
944 3237 1038 3291 auam,
1053 3226 1085 3277 et
1100 3226 1188 3280 noete
1209 3223 1360 3282 canticum

153 3333 226 3394 aJus

212 3419 308 3497 Apud
320 3438 369 3479 me
380 3419 477 3479 oratio
490 3420 557 3478 Des
569 3419 641 3479 vita
655 3438 737 3492 mas,
750 3420 847 3479 dinam
861 3421 945 3480 Deo:
967 3421 1126 3500 Suseeptor
1142 3444 1225 3485 meua
1237 3445 1276 3485 ea

215 3524 315 3596 Quare
327 3523 437 3584 oblitum
450 3544 482 3583 es
494 3524 573 3585 mail
591 3531 624 3584 et
644 3544 737 3603 quare
758 3525 953 3585 contristatus
974 3527 1088 3602 inoedo,
1102 3528 1175 3589 dum
1190 3531 1297 3610 affligit
1310 3550 1359 3594 me

153 3621 312 3682 inimicust

213 3728 297 3788 Dum
310 3725 540 3806 confringuntur
552 3745 618 3787 ossa
630 3745 702 3800 mea
718 3727 975 3806 exprobraverunt
987 3728 1070 3803 mihi,
1081 3731 1136 3808 qui
1148 3731 1297 3793 tribulant
1310 3755 1360 3796 me

153 3844 269 3885 rnrmrer
282 3843 349 3884 mer.
417 3908 419 3912 Α
839 3840 841 3844 ’

214 3930 298 3989 Dum
319 3930 426 3990 dieunt
447 3929 524 3990 mihi
547 3949 600 4009 per
622 3929 755 4009 singulos
775 3929 856 3990 dies:
885 3929 951 3989 Ubi
973 3937 1020 3991 eat
1043 3932 1126 3992 Deua
1149 3936 1240 3994 taust
1268 3955 1359 4013 qnare

152 4026 250 4088 blatis
263 4047 304 4103 es,
319 4028 420 4088 anima
432 4048 507 4102 mea,
521 4033 553 4088 et
565 4047 657 4106 quare
670 4027 830 4087 eontnrbas
843 4027 910 4085 mel

214 4131 308 4211 Spera
319 4132 353 4192 in
366 4132 441 4208 Deo,
455 4131 597 4211 qnoniam
610 4130 707 4191 adhue
722 4130 884 4191 confitebor
896 4129 962 4191 illi:
982 4131 1114 4191 ulutate
1127 4131 1231 4194 vultu·
1244 4134 1312 4209 mei,
1327 4143 1359 4196 et

154 4229 239 4293 Dens
251 4249 343 4292 mena

215 4335 364 4414 Requiam
377 4341 530 4398 eternam.
