3022 4966
569 334 743 421 anoqaiae
764 335 991 401 Mortuerum.
1204 291 1208 300 Ι
1343 343 1385 407 65

169 518 299 596 migrare
308 518 436 595 jussisti,
450 519 484 576 in
497 518 579 596 panis
591 537 626 577 aa
639 518 715 576 lueis
725 517 844 595 regione
857 517 1022 576 constituas
1034 523 1067 576 et
1083 526 1253 577 sanctorum
1263 527 1386 580 tuorum

164 616 272 692 jubens
285 636 349 675 esso
362 623 537 675 consortem.
580 616 641 675 Per
654 616 818 675 Dominum
832 621 968 674 nostrum
982 616 1004 676 J
1005 635 1089 675 esum
1103 616 1266 677 Christum.

231 712 292 771 Pro
303 712 438 789 famulo.
482 712 593 771 Oratio.

229 809 415 881 Quaesumus,
432 809 570 882 Domine,
585 828 640 885 pro
654 815 707 866 tua
720 808 834 885 pietate
851 808 992 867 miserere
1009 808 1118 868 anima
1134 809 1254 869 famula
1268 818 1336 887 tuae,
1352 820 1384 874 et

168 925 187 963 a
204 906 348 983 contagiis
365 905 558 964 mortalitatis
575 912 699 963 exutam
716 905 749 962 in
771 910 890 963 aeternae
914 904 1090 964 salvationis
1109 914 1224 983 partem
1247 911 1381 972 restitue.

168 1002 229 1060 Per
242 1003 409 1062 Dominum
422 1008 559 1061 nostrum
573 1002 595 1061 J
596 1021 680 1060 esum
695 1001 859 1060 Christum.

229 1098 292 1158 Pro
306 1099 543 1175 benefactoribus.
588 1098 699 1158 Oratio.

230 1195 384 1270 Miserere,
415 1215 592 1274 quaesumus,
627 1195 767 1267 Domine,
801 1195 958 1254 animabus
991 1197 1126 1256 omnium
1160 1197 1383 1260 benefactorum

164 1300 341 1351 nostrorum
354 1292 569 1366 defunctorum,
585 1300 616 1352 et
634 1293 671 1352 de
688 1292 839 1351 beneficiis
853 1313 919 1371 quae
933 1293 1020 1352 nobis
1034 1293 1137 1371 largiti
1153 1303 1226 1354 sunt
1242 1298 1276 1356 in
1294 1298 1382 1358 terris

166 1392 291 1468 praemia
304 1398 416 1451 aeterna
429 1390 651 1470 'consequantur
663 1392 696 1449 iu
711 1391 797 1450 ooelis.

230 1488 332 1548 Oratio
345 1488 490 1565 ambratia
498 1509 557 1565 pro
571 1488 705 1549 mortuis.

226 1585 374 1645 Fidelium
389 1586 472 1644 Deus
486 1586 622 1644 omnium
635 1585 772 1644 eonditor
786 1593 818 1644 et
831 1586 1010 1664 redemptor,
1025 1587 1184 1647 animabus
1197 1588 1379 1651 famulorum

166 1681 404 1760 famularumque
427 1688 548 1740 tuarum
572 1680 775 1739 remissionem
797 1688 972 1741 cunctorum
1001 1683 1100 1742 tribue
1127 1691 1323 1761 peecatorum,
1344 1693 1380 1745 ut

164 1777 382 1855 indulgentiam
392 1799 482 1857 quam
492 1798 608 1857 semper
617 1784 798 1855 optaverunt
806 1779 865 1856 piis
874 1779 1140 1858 supplicationibus
1150 1789 1377 1861 cousequantur.

167 1874 229 1945 Qui
241 1874 318 1935 viris
332 1882 363 1936 et
375 1896 480 1954 regnas
493 1896 562 1935 oum
576 1874 649 1935 Deo.

552 2445 621 2503 AD
663 2445 993 2505 MATUTINAS.
1049 2512 1050 2515 Ἴ

579 2589 632 2672 [Iu
646 2592 750 2651 Pamo
765 2589 959 2673 Nouaesio]

222 2721 405 2799 Arabrbooo.

221 3115 438 3194 Psalmua(.)
892 3115 1296 3176 E-v-o-v-A-Ia

219 3207 322 3267 Verba
335 3228 401 3267 moa
413 3209 536 3268 auribus
549 3210 676 3287 percipe,
693 3209 830 3282 Domine,
846 3206 980 3284 intellige
991 3205 1149 3266 clamorem
1163 3227 1270 3267 meum.

218 3305 349 3364 Intende
362 3306 428 3363 voci
442 3306 585 3364 orationis
599 3325 680 3379 meaa,
698 3307 766 3365 Rex
781 3324 873 3378 meus,
888 3311 920 3363 et
932 3305 1016 3363 Deus
1030 3324 1121 3363 meua

219 3401 368 3473 Quoniam
382 3402 420 3460 ad
433 3408 464 3461 te
478 3403 585 3463 orabo:
614 3403 751 3477 Domine,
767 3423 854 3461 mana
868 3402 1008 3461 exaudies
1021 3421 1123 3460 vocem
1137 3421 1241 3460 meam.

219 3497 312 3557 Mane
325 3498 427 3556 astabo
447 3498 513 3572 tibi,
529 3505 560 3557 et
573 3499 699 3557 videbo:
720 3500 861 3577 quoniam
874 3519 935 3557 non
956 3499 1039 3557 Deus
1053 3498 1156 3558 volans
1174 3499 1365 3576 iniquitatem

156 3600 193 3652 tu
207 3611 246 3652 aa

216 3689 324 3766 Neque
338 3690 486 3749 habitabit
496 3691 589 3767 juxta
602 3697 633 3750 te
647 3692 811 3770 malignus:
832 3711 929 3768 neque
942 3692 1160 3770 permanebunt
1174 3694 1281 3771 injusti
1293 3703 1364 3756 ante

153 3785 257 3845 oculos
269 3792 346 3845 tuos.

215 3883 315 3942 Odisti
329 3903 438 3958 omnes,
454 3884 506 3961 qui
524 3890 684 3962 operantur
697 3885 888 3962 iniquitatem
902 3905 908 3943 :
930 3884 1033 3963 perdas
1047 3903 1157 3958 omnes,
1172 3886 1225 3962 qui
1239 3885 1362 3964 loquun-

150 3970 414 4041 tur'mandaoium.
523 3977 524 3981 ’

211 4077 325 4136 Virum
337 4078 517 4156 sanguinum
530 4085 561 4137 et
574 4079 708 4138 dolosum
721 4079 943 4138 abominabitur
956 4077 1104 4137 Dominus
1117 4100 1124 4138 ε
1144 4099 1199 4158 ego
1212 4087 1314 4139 autem
1327 4083 1360 4141 in

147 4174 347 4235 multitudine
360 4175 567 4234 misericordias
581 4182 649 4235 tuae.
1149 4228 1156 4235 .

210 4270 350 4330 introibo
371 4272 403 4328 in
423 4263 545 4329 domum
565 4278 667 4330 tuam:
688 4272 815 4331 adorabo
834 4271 873 4329 ad
893 4273 1038 4351 templum
1058 4278 1196 4330 sanetum
1215 4279 1303 4331 tuum
1325 4276 1358 4332 in

145 4369 258 4429 timore
270 4374 331 4427 tuo.

740 4480 760 4521 s
