3022 4966
475 301 564 369 Ordo
586 300 633 367 ud
657 301 880 368 Vieitacdum
901 303 1099 390 Inflmnum.
1344 310 1384 372 45

343 494 453 553 Sancte
466 493 644 564 Petronellu,
658 499 693 551 tn
706 494 792 552 illum
806 495 921 572 adjuva.

342 589 451 650 Sancte
463 590 669 661 Austrebertu,
687 596 719 648 tu
732 589 818 648 illum
831 591 948 667 adjura.

223 736 231 745 .
342 685 453 745 Sancta
466 685 571 758 Hilds,
585 692 620 742 ιιι
634 685 719 742 illum
733 687 850 762 ndjnre.

341 783 452 842 Sancte
466 782 621 853 Ererildis,
635 788 671 840 tn
684 782 770 839 illum
784 783 899 858 adjuva.

340 879 449 939 Sancta
463 877 652 950 Etheldredo‚
666 885 702 935 tu
715 879 801 935 illum
814 879 930 953 adjuva.

340 976 450 1036 Omnes
463 982 572 1035 sanctae
586 975 737 1053 Virgines,
753 995 806 1033 vos
818 975 906 1034 illum
918 977 1065 1054 adjuvate.

341 1072 452 1132 Omnes
467 1072 577 1144 Sancti,
591 1091 644 1129 vos
657 1072 743 1129 illum
757 1072 905 1149 adjuvate.

339 1168 493 1247 Propitius
506 1174 577 1239 esto,
590 1187 677 1245 parce
691 1168 727 1240 ei,
742 1168 878 1227 Domine.

338 1265 391 1323 Ab
404 1264 486 1324 omni
499 1265 587 1337 melo,
601 1265 785 1338 libere'enm,
801 1265 939 1324 Domine.

312 1350 390 1421 'As
403 1361 519 1420 mins
532 1361 1002 1435 diaboli,1iberaeum‚D0mine.
1049 1344 1061 1359 '

337 1459 370 1517 A
383 1458 550 1517 oernelibns
563 1456 725 1530 desideriis,
737 1458 830 1516 libere
843 1478 920 1529 eum,
935 1459 1071 1518 Domine.

335 1556 389 1614 Ab
398 1556 537 1614 omnibus
545 1555 743 1613 immunditiis
751 1557 860 1615 mentis
870 1563 901 1615 et
909 1558 1046 1634 corporis,
1056 1558 1148 1616 libere
1156 1578 1233 1633 eum,
1243 1560 1379 1619 Domine.

336 1650 368 1708 A
381 1651 482 1709 subite
495 1657 527 1708 et
539 1656 650 1708 eterne
663 1657 767 1724 morte,
782 1651 875 1710 libem
889 1672 965 1724 eum,
982 1653 1118 1712 Domine

337 1747 398 1806 Per
410 1748 586 1824 mysterium
599 1753 708 1806 sancte
723 1748 944 1806 Incameticnis
957 1754 1025 1822 tuae,
1041 1750 1136 1808 libere
1149 1769 1226 1824 enm,
1242 1752 1379 1812 Domine.

336 1843 396 1903 Per
409 1845 535 1902 Crucem
549 1849 580 1901 et
593 1843 764 1902 Passionem
776 1851 868 1915 tuam,
883 1844 975 1903 libera
988 1865 1065 1918 cum,
1080 1846 1216 1906 Domine.

336 1940 396 2001 Per
408 1946 540 1999 sanctum
555 1941 812 1999 Resurrectionem
825 1948 919 2015 tuam,
933 1943 1027 2000 libere
1039 1963 1116 2016 enm,
1132 1943 1267 2004 Domine.

334 2035 395 2095 Per
407 2035 611 2094 admirabilem
625 2036 839 2095 Ascensicnem
854 2044 945 2108 tuem,
959 2038 1053 2096 libera
1066 2058 1143 2111 enm,
1159 2039 1296 2100 Domine.

334 2135 395 2194 Per
405 2135 534 2212 gretiam
547 2135 649 2194 Sancti
663 2135 793 2212 Spiritus
807 2136 957 2208 Peracliti‚
971 2137 1065 2195 libera
1077 2157 1154 2209 eum,
1170 2138 1306 2198 Domine.

335 2230 375 2289 In
388 2231 436 2290 die
445 2230 560 2308 judicii,
575 2231 669 2289 libere
682 2251 759 2303 enm,
776 2231 912 2292 Domine.

336 2326 516 2400 Peccatores,
531 2335 562 2387 te
575 2347 711 2405 rogamus
725 2328 796 2386 sudi
810 2348 871 2386 nos.

335 2424 384 2485 Ut
396 2445 463 2484 eum
476 2446 495 2484 e
514 2426 591 2485 lecto
611 2426 797 2503 egritudinis
811 2426 1039 2485 misericorditer
1051 2426 1182 2485 relevere
1195 2426 1333 2504 digneris,
1347 2436 1378 2489 te

374 2542 520 2600 rogemus.

333 2618 380 2679 Ut
393 2640 462 2678 enm
476 2640 580 2678 sanum
594 2626 625 2678 ct
638 2620 816 2679 incolumem
830 2621 967 2680 Ecclesiae
983 2628 1034 2679 tue
1048 2626 1157 2680 sancte
1168 2629 1376 2699 representare

371 2715 510 2792 digneris,
525 2722 556 2773 te
569 2735 715 2792 rogemus.

331 2812 379 2873 Ut
391 2812 593 2871 remissionem
603 2814 734 2871 omnium
743 2821 930 2891 peccatorum
941 2835 1061 2874 suornm
1075 2815 1103 2874 ei
1112 2816 1222 2876 donare
1236 2816 1372 2895 digneris,

370 2914 401 2967 te
414 2927 560 2985 rogemus.

331 3003 379 3064 Ut
391 3023 446 3061 nos
459 3003 601 3061 exaudire
614 3003 753 3081 digneris,
767 3012 798 3063 te
811 3025 955 3082 rogemus.

331 3100 391 3159 Fili
405 3100 471 3173 Dei,
488 3107 518 3158 te
532 3119 678 3177 rogamus,
694 3101 764 3159 audi
777 3121 839 3161 noe.
1294 3157 1298 3165 .

292 3182 297 3191 ’
329 3197 436 3275 Agnus
450 3197 517 3270 Dei,
533 3198 586 3274 qui
599 3197 680 3255 tollis
693 3204 813 3275 peccatu
826 3199 939 3272 mundi,
955 3218 1041 3276 perce
1054 3202 1090 3271 ei,
1107 3202 1244 3262 Domine.

328 3292 435 3370 Agnus
449 3293 517 3364 Dei,
532 3293 585 3370 qui
597 3294 678 3351 tollis
691 3303 811 3371 peccate
823 3296 937 3366 mnndi,
949 3296 1057 3354 exandi
1070 3316 1148 3369 eum,
1162 3299 1299 3357 Domine.

328 3389 435 3466 Agnus
448 3389 516 3461 Dei,
531 3389 584 3465 qui
597 3390 677 3447 tollis
691 3396 810 3466 peccata
822 3390 935 3462 mundi,
951 3391 1137 3465 misererem,
1153 3393 1289 3452 Domine.

329 3483 446 3543 Christe
459 3485 530 3543 endi
543 3504 605 3543 nos.

327 3580 424 3658 Kyrie
437 3581 563 3658 eleyson.
608 3581 725 3639 Christe
738 3581 868 3657 eleyson.
911 3580 1008 3657 Kyrie
1021 3580 1147 3656 eleyson.

327 3676 418 3735 Peter
431 3685 539 3736 noster.
584 3677 625 3736 Et
637 3697 675 3735 ne
689 3696 750 3735 nos.
794 3676 852 3734 Sed
866 3676 959 3734 libem
972 3696 1033 3738 nos.

327 3772 450 3833 Salvum
463 3773 509 3831 fec
522 3792 642 3832 servum
654 3779 750 3844 tunm,
766 3773 895 3831 Domine
910 3795 916 3831 :

326 3869 410 3928 Deus
424 3888 514 3942 meus,
531 3875 699 3946 sperantem
713 3870 745 3927 in
759 3875 797 3928 te.

326 3965 515 4040 Convertere,
530 3966 776 4044 Domine,.nsque
790 3986 849 4043 qno
863 3988 869 4024 :

324 4062 367 4120 Et
379 4061 571 4139 deprecabilis
583 4067 646 4119 esto
660 4081 749 4138 snper
761 4081 880 4121 servum
895 4070 990 4120 tuum.

324 4157 416 4217 Mitte
430 4159 470 4231 ei,
486 4157 623 4229 Domine,
639 4158 785 4216 auxilium
799 4159 836 4217 de
849 4165 950 4218 sancto
964 4180 970 4217 :

323 4256 365 4314 Ει
378 4256 415 4314 de
429 4256 501 4314 Sion
515 4261 600 4321 tuere
613 4274 689 4315 eum.

324 4351 411 4412 Nihil
425 4352 561 4431 proficiet
574 4351 712 4412 inimicus
725 4352 758 4410 in
771 4373 823 4412 eo:
