3022 4966
513 276 765 344 commeatio
787 275 1013 344 Aniciorum.

543 518 772 578 Oouusunnrrc
792 520 979 579 masura

218 647 298 709 Ordo
312 648 348 708 irs
360 651 476 726 ayma
488 660 673 709 malumst
686 670 752 710 cum
766 650 871 710 anima
883 649 919 709 ia
931 649 1146 726 aponiasuerit
1156 659 1182 711 et
1195 650 1230 710 ia
1243 651 1366 712 dissolu·

154 747 233 807 tioae
245 747 296 806 sui
309 768 329 806 a
343 768 458 824 corpore
471 748 653 807 laboravm't.
749 763 752 769 ·

216 842 523 920 Ocnoenioatsratres
536 854 564 904 et
577 845 773 904 commendent
788 843 922 903 aninam
935 863 1022 902 mm
1036 843 1159 905 vtato.

210 931 397 1018 'Amphora

216 1037 391 1110 Subvenite,
421 1038 525 1098 Sancti
552 1039 632 1111 Dei;
673 1037 827 1105 occurrite,
855 1037 955 1114 angeli
985 1037 1128 1112 Domini;
1171 1036 1365 1116 suscipientes

150 1135 286 1196 animam
300 1137 372 1212 ejus,
387 1137 541 1195 offerentes
554 1156 619 1195 eam
633 1137 665 1194 in
679 1140 838 1212 conspectu
852 1133 997 1193 altissimi.

216 1234 316 1310 Kyria
329 1235 453 1309 eleyson.
497 1234 615 1293 Christo
627 1233 753 1311 eleyson
797 1232 895 1310 Kyrie
907 1232 1034 1309 eleyson.

216 1329 310 1389 Pater
323 1337 431 1389 noster.

216 1431 351 1487 Oremus
396 1427 507 1488 Orattb.

214 1525 292 1598 Tibi,
315 1527 454 1601 Domine,
475 1526 715 1586 commendamus
735 1525 868 1584 animam
887 1524 994 1583 famuli
1014 1524 1061 1583 tui
1080 1523 1117 1582 N
1118 1568 1134 1597 .,
1150 1529 1186 1583 ut
1206 1524 1364 1586 defunctus

151 1623 259 1685 seculo
271 1625 329 1682 tibi
342 1626 434 1696 vivat,
449 1631 480 1684 et
493 1644 560 1701 quae
573 1643 627 1702 pro
647 1623 810 1699 fragilitate
823 1622 981 1697 mundanae
999 1622 1230 1681 conversationis
1244 1629 1364 1700 peccata

151 1721 282 1796 admisit,
311 1728 347 1780 tu
378 1723 467 1781 venia
496 1721 776 1781 misericordissima
800 1722 922 1797 pietatis
948 1721 1090 1800 absterge.
1143 1721 1204 1791 Qui
1227 1721 1306 1780 vivis
1332 1726 1365 1781 st

152 1839 259 1899 regnas
272 1840 340 1878 cum
354 1821 421 1878 Deo
435 1821 534 1880 Patre.

215 1916 351 1975 Oremus.
388 1918 506 1995 Oratio.

214 2013 452 2072 Misericordiam
480 2020 574 2086 tuam,
603 2012 741 2085 Domine,
772 2017 873 2071 sancte
910 2011 1010 2083 Pater,
1038 2011 1224 2089 omnipotens
1255 2015 1365 2070 reterns

152 2109 248 2180 Deus,
266 2110 388 2185 pietatis
407 2109 516 2167 affectu
536 2127 640 2186 rogare
659 2128 714 2186 pro
733 2108 800 2167 aliis
820 2109 961 2186 cogimur,
976 2107 1029 2184 qui
1049 2127 1103 2184 pio
1116 2107 1243 2184 peccatis
1255 2105 1366 2165 nostris

153 2204 321 2282 supplicare
334 2223 520 2280 nequaquam
534 2205 716 2279 sufficimus3
735 2211 837 2264 tamen
857 2205 894 2264 de
914 2211 968 2263 tua
988 2204 1090 2262 confisi
1107 2203 1240 2279 gratuita
1253 2202 1365 2279 pietate

153 2305 186 2359 et
200 2298 290 2357 solita
302 2298 487 2374 benignitate
500 2299 688 2358 clementiam
701 2311 785 2359 tuam
798 2300 992 2378 deposcimus,
1004 2305 1040 2356 ut
1054 2299 1184 2356 animam
1197 2298 1304 2355 famuli
1318 2297 1365 2356 tui

152 2396 194 2455 N.
210 2397 250 2454 ad
263 2403 294 2454 te
307 2402 506 2454 revertentem
519 2416 587 2455 cum
601 2397 712 2474 pietate
724 2399 873 2476 suscipias.
916 2399 1003 2456 Assit
1017 2397 1045 2455 ei
1061 2396 1183 2473 angelus
1193 2396 1366 2454 testamenti

152 2494 201 2553 tui
223 2493 365 2565 Michael,
385 2499 417 2552 et
439 2513 493 2570 per
513 2513 619 2552 manus
640 2501 809 2554 sanctorum
830 2502 952 2554 tuorum
969 2496 1049 2553 inter
1069 2501 1186 2552 sanctos
1206 2497 1238 2551 et
1257 2492 1365 2552 electos

152 2599 222 2651 tuos
235 2592 267 2650 in
281 2592 396 2649 sinibus
408 2591 550 2663 Abrahae,
566 2592 649 2650 Isaac
663 2599 694 2650 et
707 2593 811 2664 Jacob,
826 2592 1068 2651 Patnarcharum
1083 2597 1213 2661 tuorum,
1228 2609 1294 2648 eam
1307 2588 1364 2647 ool·

152 2691 249 2750 locare
264 2691 395 2768 digneris
402 2710 411 2762 ;
434 2691 575 2767 quatinus
593 2691 719 2749 liberata
733 2691 769 2748 de
789 2691 974 2767 principibus
991 2691 1182 2749 tenebrarum
1197 2696 1229 2748 et
1242 2689 1279 2748 de
1293 2688 1364 2750 loeis

152 2807 306 2866 panarum
327 2788 419 2845 nullis
434 2789 499 2864 jam
527 2786 676 2865 primaevae
700 2787 871 2845 nativitatis
894 2787 942 2844 vel
966 2787 1142 2865 ignorantiae
1164 2794 1218 2845 aut
1237 2785 1364 2864 propria

152 2885 323 2962 iniquitatis
341 2904 392 2942 seu
410 2884 583 2960 fragilitatis
605 2884 805 2942 confundatur
826 2884 982 2956 erroribus,
1000 2884 1051 2943 sed
1069 2884 1169 2960 potius
1188 2889 1365 2962 agnoscatur

153 3002 172 3041 a
189 2984 260 3055 tuis,
283 2989 315 3040 et
332 2989 442 3040 sanctae
461 2983 656 3040 beatitudinis
674 2983 776 3059 requie
794 2982 983 3059 perfruatur5
1002 2989 1038 3041 ut
1056 3002 1125 3040 cum
1141 2982 1241 3059 magni
1255 2981 1365 3058 judicii

152 3079 215 3139 dies
228 3080 392 3151 advenerit,
407 3081 488 3137 inter
501 3087 619 3138 sanctos
633 3086 664 3137 et
677 3080 785 3138 electos
805 3087 873 3139 tuos
886 3081 1078 3140 resuscitatus
1091 3079 1186 3157 gloria
1199 3078 1364 3137 manifesta

152 3176 411 3253 contemplationis
421 3183 481 3234 tua
491 3182 634 3254 perpetuo
645 3177 778 3236 satietur.
811 3177 871 3236 Per
885 3177 1038 3236 Christum
1046 3176 1210 3235 Dominum
1218 3181 1360 3235 nostrum.

153 3273 263 3331 Amen.

212 3368 396 3446 Antiphone.

213 3465 363 3542 Suscipiat
376 3471 407 3524 te
421 3465 559 3524 Obristus
572 3466 625 3542 qui
645 3465 765 3525 vocavit
784 3472 824 3539 te,
839 3472 870 3525 et
889 3466 922 3523 in
935 3464 1005 3524 sinu
1018 3463 1150 3523 Abrahae
1163 3462 1262 3540 angeli
1275 3461 1363 3521 dedu-

151 3569 224 3625 cant
236 3568 276 3621 te

211 3659 359 3720 Psalmus.
402 3661 442 3719 In
455 3660 540 3720 exitu
553 3660 648 3719 Israel
661 3680 752 3738 usqae
765 3659 808 3720 ad
819 3678 913 3737 usque
926 3658 959 3717 in
972 3657 1120 3718 seculum.

211 3756 395 3834 antiplona.
769 3798 777 3809 .

191 3854 343 3933 suscipiat
354 3862 387 3914 te
400 3855 547 3928 Christis,
562 3854 616 3932 qui
637 3854 753 3914 vocavit
774 3861 813 3928 te,
828 3861 860 3912 et
879 3852 912 3911 in
932 3852 1001 3911 sinu
1021 3849 1149 3912 Abrahae
1162 3847 1261 3930 angeli
1273 3848 1362 3911 dedu·

148 3957 221 4014 cant
234 3958 273 4011 ta

211 4050 310 4128 Kysis
323 4050 449 4128 eleyson.
493 4050 612 4110 Christe
626 4049 753 4127 eleyson.
796 4048 895 4127 Kyrie
908 4047 1035 4125 eleyson.

212 4147 306 4208 Pater
315 4156 428 4213 noster.

212 4245 348 4305 Oramus.

211 4341 412 4421 Omnipotens
434 4341 623 4420 sempiterne,
648 4340 740 4414 Deus,
768 4340 820 4419 qui
853 4338 984 4398 hnmano
1017 4336 1133 4414 corpori
1166 4335 1297 4396 aninam
1322 4334 1361 4396 sd
