2962 4928
432 329 601 395 Memorio
616 329 827 396 cleooaaihua
841 328 984 413 Sanctis.
1249 334 1312 398 203

168 518 218 576 Ad
230 514 387 575 imrollum
401 513 492 597 Ultori
504 514 738 590 Responsoriuoa

167 612 319 672 Terribilis
339 618 384 670 eet
403 611 485 669 locus
504 610 582 683 iste;
601 610 650 668 hio
663 615 708 668 est
727 629 790 668 non
808 609 890 668 aliud
904 610 962 669 nisi
980 611 1085 669 domus
1106 609 1165 669 Dei
1178 616 1208 669 et
1228 617 1314 688 porta

107 711 170 771 oali
180 732 190 787 3
211 731 280 771 vore
294 711 405 773 etenim
418 708 566 767 Dominus
579 713 624 766 est
636 706 670 764 in
683 708 747 766 looo
759 707 816 765 isto
827 727 836 781 ;
870 707 928 765 Oui
941 707 1008 766 laus
1021 714 1067 766 est
1080 727 1133 785 per
1146 709 1259 768 saecula

112 809 141 871 V.
164 810 230 869 Vos
240 810 310 870 estis
319 807 465 885 templum
479 806 538 864 Dei
545 805 617 880 vivi,
631 811 662 863 et
672 804 801 883 Spiritus
812 805 938 864 Sanctus
955 805 1120 865 habitatin
1133 806 1225 864 nobia
1253 805 1310 865 Oui

106 904 172 965 laus
185 912 238 965 est.

167 1005 271 1063 Gloria
283 1003 369 1061 Patri
382 1007 413 1060 et
427 1001 505 1059 Filio
518 1006 549 1060 ot
563 1001 689 1079 Spiritui
704 1001 820 1060 Sancto.
864 1000 921 1059 Oui
934 1000 999 1059 laus
1015 1005 1068 1060 est.

113 1099 142 1160 V.
165 1099 304 1158 Fundata
317 1104 363 1157 est
375 1098 480 1156 domus
494 1097 618 1157 Domini
630 1117 719 1175 supra
732 1097 848 1154 firmam
860 1103 985 1174 petram.

167 1197 404 1273 Respomoaium.

166 1294 264 1365 Quam
276 1294 379 1371 pulcra
391 1312 422 1350 es
432 1297 463 1351 et
470 1292 583 1365 decora,
594 1292 751 1364 carissimo,
760 1292 794 1349 in
804 1291 916 1350 deliciis
927 1312 936 1365 3
961 1297 1076 1351 statura
1082 1299 1136 1351 tua
1149 1292 1312 1352 assimilata

104 1397 150 1450 est
162 1392 276 1470 pmmaa
292 1396 323 1449 et
336 1391 426 1449 ubera
445 1396 498 1448 tua
516 1390 630 1463 botris3
651 1395 740 1466 caput
760 1394 848 1447 tuum
865 1396 900 1448 ut
918 1390 1079 1462 Carmelus,
1093 1390 1202 1449 oollum
1222 1397 1309 1450 tuum
1372 1410 1375 1415 ·

103 1489 180 1548 aaut
193 1489 286 1547 turris
298 1488 435 1547 eburnea.
464 1486 554 1560 Veni,
564 1487 669 1545 dilecte
679 1487 730 1559 mi,
739 1487 942 1566 ingrediamur
952 1489 985 1546 in
995 1507 1109 1566 agrum,
1118 1495 1149 1547 ot
1156 1488 1309 1548 videamus

103 1588 129 1646 si
149 1588 235 1646 flores
256 1587 371 1646 fructus
391 1587 572 1664 parturiunt,
587 1586 613 1644 si
631 1586 796 1645 floruerunt
813 1587 892 1645 mala
913 1585 1033 1664 punioa
1084 1585 1135 1644 Ibi
1154 1586 1230 1644 dabo
1251 1585 1308 1643 tibi

102 1685 195 1743 ubera
207 1703 280 1744 mea.

162 1778 205 1838 Io
219 1789 341 1857 tempore
355 1778 500 1839 Paacloli.
542 1778 691 1856 Alleluya.

164 1878 399 1956 Rapmaon'om.

162 1976 220 2035 Ibo
248 1976 286 2035 ad
313 1979 445 2032 montem
471 1973 600 2049 myrrhae
626 1978 657 2031 et
683 1973 722 2031 ad
745 1972 833 2031 oolles
857 1973 974 2047 Libani,
1004 1979 1034 2032 et
1062 1974 1168 2050 loquar
1194 1992 1307 2050 sponsae

101 2092 196 2131 meae:
219 2072 296 2129 Tota
309 2070 490 2146 speciosam,
504 2069 641 2145 proxima
653 2088 727 2141 mea,
742 2081 773 2127 et
785 2069 901 2127 macula
918 2089 979 2128 non
999 2076 1046 2128 est
1060 2071 1094 2128 in
1113 2077 1152 2128 te.
1194 2069 1278 2128 Veni
1289 2088 1309 2127 a

101 2170 226 2241 Libano,
246 2187 362 2245 sponsa,
378 2166 470 2239 veni;
494 2185 512 2224 a
531 2166 646 2224 Libano
666 2167 756 2239 veni5
776 2168 885 2240 venies,
907 2173 938 2224 et
959 2167 1100 2226 transibis
1117 2168 1155 2225 ad
1175 2172 1308 2227 montem

102 2266 167 2325 Seir
180 2271 211 2324 et
225 2265 370 2337 Hermon,
384 2284 402 2321 a
415 2263 562 2322 eubilibus
575 2263 695 2322 leonum
708 2282 727 2322 a
739 2265 891 2323 montibus
903 2265 1117 2342 leopardorum,
1128 2266 1264 2343 alleluya.

162 2361 398 2438 Reepmooriom.

163 2459 204 2517 Te
219 2458 361 2515 Sanctum
375 2456 540 2516 Dominum
550 2458 581 2516 in
594 2457 717 2517 exoelsis
729 2457 854 2517 laudant
867 2477 969 2518 omnes
981 2458 1079 2537 angeli
1092 2458 1223 2518 dicentes
1236 2481 1244 2519 τ
1265 2460 1307 2520 Te

101 2556 186 2613 decet
199 2555 263 2612 laus
276 2560 309 2612 et
320 2554 424 2625 honor,
439 2553 575 2615 Domine.

107 2652 137 2712 V.
158 2651 309 2710 Cherubin
329 2671 447 2730 quoque
466 2657 497 2709 et
515 2651 661 2729 Seraphin
681 2653 808 2711 Sanctus
820 2652 1011 2730 proclamant,
1027 2659 1058 2712 et
1078 2653 1174 2712 omnis
1194 2654 1308 2715 caelitus

100 2748 172 2807 ordo
186 2748 323 2807 dicentes
367 2749 409 2807 Te
423 2748 513 2807 deoet.

160 2845 263 2904 Gloria
277 2845 362 2903 Patri
375 2851 406 2904 et
420 2844 497 2902 Filio
510 2850 541 2903 et
555 2844 682 2922 Spiritui
695 2846 811 2906 Sancto.
854 2845 897 2905 Te
910 2847 1008 2907 (lecet.

105 2940 133 3000 V.
149 2941 377 3020 (sacerdotalia).
421 2940 551 3001 Michael
565 2942 746 3021 archangele,
759 2943 830 3002 veni
842 2944 876 3001 in
888 2943 936 3021 adj
941 2944 1084 3003 utorium.

161 3040 271 3100 Oratio.

160 3139 250 3212 Deus,
261 3138 314 3214 qui
322 3137 398 3196 miro
407 3137 511 3197 omiine
520 3139 692 3217 angelorum
702 3139 901 3198 ministerium
909 3139 1126 3218 hominumque
1133 3140 1284 3217 dispensas
1295 3161 1305 3216 ;

98 3237 222 3295 oonoede
234 3237 389 3314 propitius,
404 3244 439 3295 ut
452 3238 559 3313 quibus
572 3238 630 3295 tibi
637 3238 876 3296 ministrantibus
885 3239 918 3295 in
932 3238 1003 3296 oaelo
1015 3257 1133 3315 semper
1144 3240 1302 3314 assistitur,

98 3333 135 3390 ab
148 3333 196 3391 his
209 3333 242 3390 in
254 3339 335 3392 tem-a
344 3335 408 3392 vita
420 3340 522 3393 nostra
535 3335 695 3392 muniatur.
738 3334 798 3393 Per
812 3334 964 3393 Christum
977 3334 1144 3394 Dominum
1156 3343 1300 3397 nostrum.

98 3431 206 3491 Amen.

434 3570 587 3628 Mnuosm
607 3586 649 3627 nn
669 3585 804 3629 omaus
825 3570 960 3631 Sancus.

155 3708 206 3768 Ad
218 3709 375 3768 immitam
387 3708 620 3787 Reepoaeorium.

155 3804 178 3863 J
179 3806 240 3863 usti
252 3807 285 3864 in
298 3812 475 3884 perpetuum
488 3805 601 3879 vivent,
616 3809 648 3864 et
660 3806 740 3883 apud
760 3805 924 3865 Dominum
938 3812 984 3867 est
1004 3827 1115 3869 meroes
1135 3829 1246 3884 eorum,
1260 3810 1303 3870 Et

95 3903 235 3980 eogitatio
248 3924 350 3962 eorum
363 3904 443 3982 apud
458 3903 656 3963 Altissimum.

101 4000 129 4060 V.
153 4000 226 4060 Ideo
236 4002 381 4079 accipient
388 4020 513 4080 regnum
522 4000 634 4060 deooris
643 4006 675 4060 et
685 4000 821 4061 diadema
829 4003 937 4080 speciei
948 4003 984 4063 de
994 4023 1085 4063 manu
1095 4004 1227 4064 Domini.
1261 4005 1303 4064 Et

95 4097 245 4175 cogitatio.

154 4195 267 4270 Gloria,
281 4195 347 4255 laus
365 4203 396 4256 et
416 4197 519 4270 honor,
535 4197 631 4270 decus,
646 4202 777 4275 potestas
796 4204 828 4257 et
843 4199 986 4276 jubilatio
1010 4201 1097 4260 Patri
1116 4207 1147 4260 et
1168 4200 1250 4260 Nato
1269 4206 1301 4261 et

95 4292 223 4371 Spiritui
237 4295 355 4354 Sancto.
396 4296 439 4355 Et
451 4296 600 4372 cogitatio.

98 4388 129 4449 V.
145 4390 374 4471 (woerdotolta).
418 4392 567 4451 Mirabilis
580 4392 664 4453 Deus
675 4392 709 4451 in
722 4393 834 4455 sanctia
848 4394 922 4453 suis.
