3022 4966
391 203 547 272 uuas
561 203 726 293 sacrm
746 203 940 291 sponsu
1223 213 1267 311 ss

121 384 260 460 Sanctus,
281 392 411 460 sanctus,
424 394 553 460 sanctus,
568 387 717 448 Dominus
737 388 821 448 Deus
840 388 972 447 Sabaoth
981 410 991 463 ;
1011 390 1093 467 pleni
1112 397 1184 449 sunt
1203 393 1269 452 coeli

60 489 94 543 et
115 489 197 542 terro
219 484 315 562 glorie
340 492 412 543 tus:
442 485 588 544 Hossnnu
614 486 648 544 in
674 486 814 546 excelsis:
846 486 1027 547 Benedictus
1049 489 1103 566 qui
1126 491 1268 549 venitin

60 579 183 639 nomine
197 581 340 653 Domini;
359 581 508 639 Hosunne
520 585 553 639 in
566 582 697 643 excelsis

122 677 176 736 ΤΕ
207 678 372 752 IGITUR,
399 678 627 737 clementissime
650 679 750 752 Pater,
774 698 828 757 per
850 681 955 740 Jesum
978 682 1132 741 Christum
1153 683 1268 743 Filium

59 781 149 835 tuum
173 776 339 834 Dominum
360 783 507 847 nostrum,
531 777 677 853 supplices
698 796 837 853 rogamus
858 798 893 837 ec
920 779 1051 857 petimus
1073 780 1122 838 uti
1144 788 1268 858 accepts

58 871 169 932 bobsoe
182 881 214 932 et
226 872 383 931 benedicas
397 872 461 930 haec
481 870 608 951 doulos,
622 872 684 931 hoc
703 872 877 954 muvlmers,
891 877 954 935 hrec
967 875 1111 957 mmlncto
1123 879 1268 937 sacrificis

58 967 185 1042 illibate,
200 969 355 1047 Imprimis
368 987 434 1046 qum
451 969 511 1026 tibi
530 969 681 1027 offerimus
700 989 755 1046 pro
775 969 906 1028 Ecclesia
918 975 973 1026 tuo
985 976 1089 1028 sanctu
1101 970 1265 1044 catholieo,

58 1083 150 1143 quom
164 1068 327 1144 pacificare,
340 1067 495 1136 custodire,
506 1067 644 1138 adunare,
655 1073 687 1125 et
699 1086 800 1144 regere
813 1067 943 1144 digneris
952 1072 1019 1125 toto
1027 1067 1100 1125 orbe
1108 1073 1266 1142 terrarum,

59 1180 123 1221 um
145 1183 214 1221 cum
237 1165 351 1224 famulo
373 1171 427 1224 tuo
448 1163 532 1240 Peps
554 1170 657 1221 nostro
670 1163 710 1222 N.
732 1169 765 1222 et
783 1163 935 1222 Antistite
955 1169 1057 1222 nostro
1070 1163 1109 1222 N.
1132 1173 1164 1222 et
1184 1166 1267 1239 Rege

58 1265 164 1318 nostro
188 1260 228 1321 N.
254 1269 286 1320 et
309 1263 447 1321 omnibus
469 1261 642 1320 orthodoxis
662 1266 753 1338 etque
776 1260 928 1320 cetholicae
951 1267 984 1318 et
1007 1261 1174 1338 apostolicis
1197 1263 1268 1322 fidei

59 1356 233 1418 cultoribus.

121 1455 283 1531 Memento,
300 1458 439 1531 Domine,
452 1456 632 1514 famulorum
647 1455 886 1533 famularumque
899 1463 1020 1514 tuarum
1033 1455 1073 1514 N.
1087 1463 1118 1515 et
1131 1457 1266 1516 omniurn

59 1551 317 1613 circumstantium
344 1562 435 1633 etque
462 1555 595 1612 omnium
625 1553 757 1611 fidelium
785 1553 1033 1626 Christianow
1055 1573 1181 1631 quorum
1209 1555 1267 1613 tibi

58 1647 132 1707 fides
153 1654 271 1728 cognita
295 1661 342 1711 est
365 1660 396 1711 et
418 1659 491 1711 notu
517 1651 656 1724 devotio;
682 1670 737 1728 pro
761 1652 870 1728 quibus
893 1652 951 1712 tibi
975 1653 1125 1712 offerimus
1144 1654 1193 1712 vel
1213 1655 1268 1731 qui

58 1744 117 1802 tibi
130 1747 259 1808 offerunt
271 1751 328 1808 hoc
347 1750 523 1808 sucrificium
537 1749 641 1817 laudis,
656 1767 710 1825 pro
723 1739 754 1807 se
767 1750 887 1827 suisque
907 1751 1054 1824 omnibus,
1068 1770 1123 1828 pro
1135 1752 1267 1830 redemp-

57 1842 140 1901 tione
162 1847 330 1905 snimerum
351 1867 480 1917 suerum,
496 1866 550 1922 pro
573 1865 624 1921 spe
646 1845 751 1902 salutis
774 1851 807 1902 et
828 1845 1044 1905 incolumitatis
1064 1867 1133 1922 sure,
1149 1849 1266 1924 tibique

57 1939 188 2001 reddunt
201 1952 272 2002 vota
286 1964 341 2002 sus
354 1951 464 2002 aetcrno
478 1945 543 2001 Deo
556 1943 627 1999 vivo
641 1947 672 1999 et
684 1961 764 1999 vero.

119 2038 380 2098 communicantes
400 2046 432 2096 et
450 2040 624 2096 memorium
642 2042 827 2109 venerantes,
841 2039 985 2115 Inprimis
1005 2039 1138 2116 gloriosae
1151 2060 1267 2119 semper

57 2133 184 2209 virginis
208 2136 323 2203 Muriae,
344 2135 502 2210 genetricis
525 2135 584 2192 Dei
602 2139 634 2191 et
654 2133 780 2191 Domini
801 2136 900 2191 nostri
921 2135 998 2192 Jesu
1022 2135 1144 2209 Christi,
1160 2137 1219 2195 Sed
1235 2145 1267 2198 et

57 2229 214 2287 beatorum
241 2230 442 2306 apostolorum
469 2249 504 2287 sc
528 2235 695 2304 martyrum
722 2234 852 2301 tuorum,
882 2229 975 2301 Petri,
1001 2229 1099 2305 Pauli,
1123 2231 1264 2307 Andreae,

56 2325 176 2402 Jacobi,
203 2326 363 2399 Johannis,
392 2326 522 2399 Themis,
548 2326 663 2398 Jocobi,
692 2325 836 2402 Philippi,
866 2325 1088 2401 Bartholomaei,
1116 2328 1264 2404 Matthaei,

58 2425 191 2488 Simonis
210 2431 242 2483 et
262 2422 413 2496 Thaddaei,
431 2423 510 2494 Lini,
533 2421 620 2493 Oleti,
645 2421 818 2492 Clementis,
838 2420 928 2496 Sixti,
948 2422 1088 2498 Cornelii,
1113 2425 1264 2503 Cypriani,

58 2525 226 2597 Laurentii,
238 2522 433 2599 Chrysogoni,
443 2521 466 2580 J
466 2521 593 2579 ohannis
606 2526 638 2578 et
651 2520 748 2592 Pauli,
761 2520 874 2578 Oosmae
884 2525 916 2578 et
926 2520 1077 2594 Demisni,
1088 2529 1120 2581 et
1129 2525 1264 2584 omnium

56 2623 236 2684 Sanctorum
249 2626 380 2692 tuorum,
395 2638 521 2696 quorum
536 2617 650 2674 meritis
662 2617 857 2694 precibusque
870 2619 1019 2690 concedas,
1030 2627 1066 2677 ut
1078 2620 1112 2678 in
1125 2623 1264 2683 omnibus

55 2719 250 2800 protectionis
262 2724 323 2776 tuae
343 2716 514 2775 muniamur
532 2715 653 2774 auxilio.
696 2714 756 2774 Per
775 2715 902 2775 eundem
923 2714 1076 2775 Christum
1096 2718 1262 2781 Dominum

55 2824 200 2877 nostrum.
243 2816 353 2874 Amen.

118 2915 208 2973 Hunc
230 2913 324 2991 igitur
348 2911 528 2971 oblationem
551 2911 707 2970 servitutis
729 2917 849 2984 nostros,
873 2911 926 2970 sed
947 2917 979 2970 et
1000 2920 1114 2972 cunctae
1136 2915 1259 2977 familior

55 3020 126 3086 tute,
153 3031 332 3091 quaesumus,
360 3010 498 3081 Domine,
530 3016 566 3067 ut
595 3009 729 3086 placatus
758 3009 893 3086 accipies,
925 3009 1046 3087 diesque
1076 3018 1196 3072 nostros
1226 3015 1260 3073 in

55 3119 110 3169 tus
136 3130 207 3186 psce
233 3110 381 3185 disponas,
412 3114 503 3184 atque
533 3107 572 3163 ab
602 3114 714 3164 aeterno
743 3106 935 3165 damnatione
965 3126 1019 3165 nos
1049 3109 1134 3185 eripi,
1167 3118 1198 3169 et
1224 3112 1259 3169 in

54 3207 216 3266 electorum
243 3212 364 3264 tuorum
387 3204 493 3281 jubens
515 3222 602 3280 grege
624 3203 782 3264 numerari.
825 3202 890 3262 Per
911 3203 1067 3263 Christum
1092 3206 1258 3268 Dominum

55 3310 202 3363 nostrum.
244 3304 353 3360 Amen.

117 3400 217 3470 Quem
243 3399 424 3456 oblationem
449 3404 495 3470 tu,
521 3397 604 3456 Deus
624 3396 821 3473 omnipotens,
848 3396 881 3451 in
909 3397 1056 3470 omnibus,
1081 3417 1259 3474 quaesumus,

55 3494 290 3575 benevladictem,
318 3493 526 3574 ascrifflptum,
560 3475 707 3572 ruptim,
740 3490 957 3562 rationabilem,
992 3494 1261 3571 acceptabilemque

54 3594 152 3653 fecere
166 3591 305 3669 digneris,
319 3598 355 3649 ut
367 3592 454 3649 nobis
467 3588 613 3671 conppus
632 3597 663 3647 et
683 3585 845 3667 senffigurs
857 3586 911 3643 fist
929 3586 1116 3645 dilectissimi
1129 3588 1201 3648 Filii
1214 3595 1262 3652 tui

54 3689 182 3750 Domini
195 3688 291 3746 nostri
302 3687 325 3744 J
326 3706 377 3746 esu
392 3687 512 3745 Christi.

115 3785 176 3856 Qui
190 3784 285 3861 pridie
298 3803 388 3861 quem
407 3789 569 3861 peteretur,
584 3782 697 3859 occepit
717 3799 823 3857 penem
844 3779 877 3837 in
897 3785 1014 3839 sanctas
1028 3799 1062 3839 ec
1076 3786 1259 3848 venerabiles

51 3902 161 3944 monus
187 3901 265 3955 suus,
287 3887 319 3939 et
340 3880 466 3939 clevatis
489 3879 581 3937 oculis
604 3879 638 3936 in
661 3877 767 3936 caelum
788 3877 827 3935 od
850 3883 882 3936 te
907 3878 1007 3937 Deum
1029 3886 1146 3957 patrem
1170 3904 1259 3945 suum

49 3980 299 4056 omnipotentem,
320 3976 388 4035 Tibi
408 3977 519 4054 gratiss
539 3995 638 4052 agens,
658 3972 853 4054 benevladixit
873 3994 907 4034 sc
927 3976 1026 4054 fregit,
1044 3978 1184 4057 deditque
1203 3984 1260 4044 dis

48 4077 160 4155 cipulis
172 4076 242 4148 suis,
258 4076 367 4145 dicens,
381 4074 519 4150 Accipite
532 4079 564 4130 et
574 4072 752 4130 menduoste
765 4091 804 4131 ex
817 4073 872 4133 boc
886 4094 995 4135 omnes.
1039 4076 1107 4137 Hoc
1121 4086 1166 4138 est
1179 4083 1259 4142 enim

48 4193 160 4252 corpus
173 4192 281 4232 meum.
599 4163 604 4171 ’

113 4269 213 4331 Simili
234 4270 322 4329 modo
343 4275 536 4347 posteaquam
558 4273 696 4326 cenatum
715 4270 930 4348 est„eccipiens
943 4276 975 4330 et
992 4270 1072 4330 hunc
1085 4274 1259 4349 preclarum
