3022 4966
159 372 202 434 20
591 363 696 432 nno
717 362 939 450 sapienta.

154 550 249 612 sciam
257 548 401 627 parrulos
414 548 450 607 in
453 547 561 624 sornw
580 546 710 608 Ecclesia
731 546 879 624 baptisare
887 544 1208 624 proferendasonnam
1220 547 1381 611 cuborum

154 648 292 726 baptismi
305 648 340 706 in
353 647 459 723 linqua
479 655 615 706 annena
634 645 770 704 distinete
787 652 814 704 et
834 652 932 722 aperte
949 654 976 705 et
989 643 1084 705 solum
1096 646 1188 706 unica
1201 667 1276 719 voce,
1290 648 1381 707 nullo

153 747 239 806 mado
252 746 386 804 wando
399 743 484 803 verba
497 743 620 802 iliarite
633 743 719 802 sernel
732 742 855 820 probsta
875 743 921 803 vei
935 743 1050 802 similia
1062 764 1151 822 super
1163 745 1297 819 madens,
1314 747 1380 808 sine

152 845 258 920 aliqsca
282 842 441 916 additione,
464 842 667 915 subtractione,
692 841 913 918 interruptione,
938 842 1017 902 verbi
1035 863 1093 920 pra
1116 843 1199 904 rerba
1214 845 1377 921 positione,

152 940 316 999 mutatione
332 939 515 1016 wrruptians
528 958 579 997 seu
593 938 815 1014 transpositioru
835 939 877 997 sic
897 938 1039 999 ducena:
1062 939 1116 1013 N„
1132 941 1150 999 I
1164 947 1284 1018 crysun
1304 943 1379 1003 thee

152 1035 185 1094 in
207 1036 260 1093 the
281 1054 368 1094 name
390 1035 425 1093 ol
449 1035 502 1092 the
524 1034 620 1093 Fsdsr
641 1034 701 1092 and
720 1033 755 1091 of
770 1033 823 1092 the
844 1033 944 1095 Sonns
964 1034 1025 1093 and
1044 1035 1080 1093 oi
1095 1035 1149 1094 the
1169 1037 1256 1114 Holy
1269 1038 1376 1101 Gesta.

152 1134 262 1192 Amen.
311 1131 417 1192 Velia
440 1131 547 1208 linqua
574 1131 686 1189 Latina
713 1131 776 1190 sic:
811 1130 864 1203 N„
890 1131 955 1210 Ego
980 1133 1099 1209 baptizo
1127 1139 1160 1193 te
1185 1135 1220 1193 in
1251 1136 1377 1197 namins

151 1230 252 1290 Patris
273 1236 305 1288 et
326 1229 400 1286 Filii
421 1235 452 1286 st
475 1228 607 1306 Spiritus
634 1226 745 1286 Sancti.
802 1229 930 1287 Amen:
967 1249 1080 1304 aquam
1106 1250 1195 1307 super
1223 1231 1375 1309 infantem

150 1329 320 1406 pavendo,
355 1326 400 1387 vel
436 1327 535 1403 ipsum
573 1327 607 1384 in
644 1346 756 1401 aquarn
792 1327 947 1402 nterpcndo
982 1336 1025 1387 ter
1057 1328 1104 1387 vel
1138 1328 1241 1389 sabens
1276 1333 1372 1392 semel.

150 1427 191 1484 Bt
222 1426 249 1485 si
278 1444 356 1501 puer
380 1423 481 1500 fuerit
512 1423 678 1499 baptisatus
708 1424 869 1483 secundum
898 1423 984 1483 illane
1008 1423 1145 1501 sorneans
1179 1436 1281 1486 anoeat
1316 1431 1375 1489 sibi

148 1522 360 1598 unisquisque,
383 1541 420 1578 nc
442 1521 550 1578 iterum
573 1519 697 1578 eundem
719 1519 853 1595 baptizet.
908 1519 968 1579 Sea
995 1521 1024 1581 si
1049 1520 1222 1598 hujusmodi
1244 1527 1375 1601 parendi

149 1620 355 1690 cmtvalescant,
378 1617 552 1694 ‹lestrantur
575 1616 617 1675 ad
637 1616 805 1690 Ecclesiam,
829 1628 856 1676 et
879 1618 1020 1678 dicantur
1039 1638 1126 1693 nuper
1146 1639 1193 1680 eas
1217 1624 1375 1684 eaorcismi

151 1725 177 1775 et
219 1713 383 1774 catecbismi
423 1734 490 1772 can
530 1712 726 1784 unctionibus,
760 1723 787 1772 et
822 1734 889 1773 curn
925 1714 997 1774 aliis
1033 1714 1222 1792 apresens,
1258 1729 1374 1796 prater

149 1810 341 1869 inversionem
369 1827 454 1884 aqua
482 1818 509 1868 et
527 1810 664 1884 formant
692 1810 839 1886 baptismi,
864 1829 929 1886 quse
958 1812 1078 1871 antnino
1107 1821 1179 1872 sunt
1205 1815 1373 1876 annuncia

149 1906 281 1967 videlicet
311 1924 403 1980 usque
430 1905 511 1975 Quid
541 1908 617 1983 petis
629 1927 639 1980 3
673 1916 699 1966 et
728 1908 764 1968 ab
793 1907 861 1966 bitu
889 1929 981 1985 usqne
1007 1910 1050 1968 ad
1076 1909 1165 1970 illum
1188 1911 1288 1973 lacurn
1316 1936 1374 1992 qno

148 2004 290 2065 Sacerdos
304 2003 402 2061 debeat
410 2002 576 2079 paruulum
590 2004 743 2063 cbrismate
756 2005 852 2064 linire.
896 2007 937 2064 Et
951 2006 1016 2066 ideo
1029 2008 1057 2066 si
1070 2007 1165 2067 lazicus
1177 2008 1374 2086 baptizaverit

143 2122 274 2181 puerum
294 2108 453 2176 antequam
473 2099 623 2176 deseratur
641 2103 682 2160 ad
702 2102 871 2174 Eccksiarn,
886 2103 1041 2180 interropet
1054 2103 1195 2165 Sacerdos
1213 2108 1374 2184 diluentes

148 2200 223 2277 quid
236 2200 345 2258 dixerit
358 2207 384 2258 ct
398 2199 472 2275 quid
477 2198 590 2273 fecerit
634 2199 675 2257 Iit
688 2201 716 2258 si
729 2200 871 2260 invenerit
885 2200 995 2260 laicum
1005 2203 1123 2262 discrete
1133 2212 1160 2262 et
1173 2203 1270 2264 debita
1285 2210 1373 2270 mado

148 2298 305 2375 baptizasse
319 2297 488 2374 etsorrnnm
501 2296 652 2354 uerborum
670 2297 808 2372 baptismi
820 2306 855 2355 ut
875 2317 967 2374 supra
987 2300 1021 2357 in
1034 2320 1088 2358 suo
1101 2299 1245 2361 idumate
1258 2304 1373 2383 intense

143 2395 308 2469 protulisse,
330 2394 467 2470 approbet
473 2391 596 2468 facturn
610 2401 636 2451 et
649 2413 710 2451 non
723 2394 879 2469 rebaptizet
892 2415 967 2453 eum.

209 2491 245 2549 Si
258 2512 322 2550 vero
336 2491 445 2549 dubitet
466 2488 681 2548 rationabiliter
695 2489 836 2549 Sacerdos
852 2500 957 2550 utrina
970 2491 1076 2568 infans
1094 2494 1136 2552 ad
1154 2493 1373 2571 baptizandum

147 2588 202 2646 sibi
216 2588 329 2646 oblatus
337 2588 427 2664 prius
447 2588 481 2645 in
496 2585 603 2662 fornia
624 2586 720 2645 debita
726 2585 825 2662 suerit
846 2587 1011 2665 baptisatus
1030 2591 1076 2649 uel
1086 2609 1155 2662 non,
1171 2592 1253 2652 debet
1267 2599 1373 2656 ornrn'a

142 2690 277 2761 perficere
299 2706 365 2744 cnm
384 2706 415 2743 ea
436 2685 511 2742 sicut
532 2704 599 2742 cum
617 2683 677 2742 alio
698 2705 783 2759 quern
803 2695 913 2743 corsstat
932 2687 1067 2746 sibinen
1087 2708 1144 2748 csse
1166 2691 1373 2768 baptizatum

142 2791 252 2858 prester
266 2784 344 2858 qssod
358 2782 442 2840 acrba
456 2782 683 2840 sacramentalia
693 2783 858 2839 essentialia
867 2784 1001 2858 proferre
1011 2785 1109 2845 debeat
1121 2787 1175 2845 sub
1190 2792 1373 2868 conditione,

147 2882 199 2940 bac
212 2883 296 2940 neoda
310 2881 409 2939 dicens
420 2906 429 2940 .·
451 2880 485 2937 N
484 2924 503 2951 .,
518 2881 550 2938 si
566 2881 734 2957 baptizatus
752 2901 791 2953 ss,
808 2900 869 2939 non
888 2889 917 2940 ts
936 2883 1072 2960 baptizo:
1093 2885 1120 2943 si
1137 2905 1201 2944 non
1222 2908 1255 2946 es
1275 2891 1376 2969 bapti·

149 2986 240 3050 zntus‚
256 3000 308 3056 ega
331 2979 449 3057 baptizo
474 2986 524 3049 te;
557 2979 596 3035 In
619 2979 738 3037 nomine
761 2978 860 3037 Patris
888 2986 919 3037 st
939 2981 1011 3038 Filii
1039 2989 1070 3040 et
1098 2983 1231 3060 Spiritus
1254 2987 1373 3050 Sancti.

148 3080 268 3150 Anien3
295 3079 348 3136 snb
363 3077 526 3152 ecsprersianc
538 3075 582 3134 ccl
596 3076 776 3135 immersione
790 3086 824 3132 nt
838 3098 938 3152 snpra.
1373 3148 1375 3153 Ι

209 3174 249 3231 Et
270 3185 309 3231 est
330 3173 541 3232 observandum
563 3182 624 3230 tarn
645 3173 680 3230 de
700 3173 872 3248 baptismate
886 3195 976 3249 qnam
991 3176 1025 3234 ele
1040 3179 1276 3256 corssirmatione,
1295 3189 1377 3262 qnod

148 3272 381 3346 qrcarnlocnnquc
400 3271 563 3340 dubitatur,
579 3271 640 3327 sirac
661 3270 842 3329 dscbitntiane
862 3269 1060 3346 conserantur,
1076 3275 1149 3349 quia
1168 3295 1233 3336 reon
1256 3281 1378 3342 dicitnr

147 3371 295 3438 iteratum,
306 3369 384 3444 qnod
394 3369 522 3426 nescitur
523 3367 623 3441 fnisse
634 3367 770 3425 collatum
780 3389 793 3437 ,·
807 3376 833 3425 et
847 3368 911 3426 idco
924 3370 976 3428 sub
985 3371 1132 3446 praedicta
1137 3370 1249 3447 foruna
1265 3377 1377 3457 baptis·

148 3473 235 3523 entur
256 3464 386 3540 insonus
406 3464 527 3540 caprositi
547 3465 582 3521 de
602 3483 728 3538 qnorum
749 3464 891 3540 baptisrno
908 3466 1097 3542 probabiliter
1117 3467 1292 3550 dubitatur,
1319 3479 1377 3537 eise

148 3561 341 3619 inveniantur
355 3581 421 3619 cscrn
435 3560 494 3618 sala
509 3559 553 3618 oei
565 3559 628 3617 sine
642 3560 689 3616 sal
703 3604 709 3616 .

188 3657 362 3716 Notandum
375 3666 416 3716 est
436 3658 525 3716 etiarn
545 3657 623 3732 qnod
643 3657 669 3714 si
687 3656 792 3731 infans
812 3659 850 3714 sit
871 3658 901 3714 in
910 3659 1042 3735 periculo
1057 3660 1166 3733 mortis,
1183 3671 1261 3725 terrea
1270 3673 1377 3747 primo

146 3755 355 3813 introducatur
368 3755 408 3812 ad
418 3753 536 3830 scrutans
549 3763 575 3813 et
588 3752 736 3829 firmiter*
749 3755 911 3831 baptizetur
928 3757 1096 3834 incipiendo
1109 3759 1151 3817 ad
1163 3758 1248 3822 bunc
1265 3766 1373 3842 heum,

150 3850 231 3920 Quid
251 3852 347 3927 petis:
368 3859 394 3908 et
414 3848 441 3908 si
455 3859 523 3926 post
544 3850 722 3926 baptismum
742 3852 854 3924 uirmt,
869 3852 972 3911 besbeat
994 3863 1086 3913 toturn
1105 3855 1268 3921 residuum
1289 3868 1376 3927 3εηί-

147 3948 225 4004 tium
253 3945 465 4021 supradictum.
507 3945 573 4006 Hoc
593 3956 691 4006 antem
711 3949 745 4006 in
765 3949 890 4023 qnalibet
909 3961 1091 4011 scaranento
1108 3951 1282 4019 observetur
1296 3967 1376 4041 quoti

147 4044 381 4117 qsncrnlccunque
389 4040 556 4117 periculum
569 4043 685 4101 ridetur
698 4045 857 4117 intrninere,
873 4067 983 4123 semper
995 4048 1161 4124 incipiatur
1173 4053 1219 4110 ad
1232 4058 1375 4120 substan.

149 4140 224 4198 tiam
238 4139 322 4197 illius
334 4140 518 4211 sacramenti,
530 4147 555 4198 et
564 4149 666 4216 pastea
679 4142 832 4201 residuunt
846 4144 1026 4220 conpleatur
1039 4145 1091 4205 ubi
1098 4148 1221 4222 poterit.

208 4236 280 4296 Nan
301 4235 364 4294 licet
385 4235 511 4312 aliquem
531 4236 679 4313 baptisare
698 4238 733 4296 in
752 4240 826 4297 nula
845 4240 890 4298 vel
906 4241 940 4299 in
953 4261 1069 4302 carnem
1083 4243 1127 4300 vel
1138 4243 1173 4301 in
1188 4246 1303 4326 aliquo
1318 4255 1375 4316 1000

144 4336 272 4412 priuato,
285 4334 333 4392 sed
342 4333 489 4393 duntaxat
498 4334 533 4392 in
541 4333 679 4394 It'cctesiis
688 4336 723 4394 in
731 4337 1023 4415 quibnssuntsontes
1033 4342 1074 4400 ad
1084 4341 1136 4401 boc
1146 4347 1326 4418 specialiter
1334 4373 1374 4414 or-

534 4447 545 4468 ·
562 4445 614 4491 The
626 4446 713 4492 Sarum
724 4447 971 4510 Minuit-“pnstea3'
