3022 4966
453 374 797 442 Maoaaleadasoot
811 375 949 443 Sarum.
1277 383 1334 460 9⁸,

173 541 369 619 Omnipotens
391 540 569 618 sempiterne
597 541 688 613 Deus,
713 541 805 600 Peter
827 541 952 600 Domini
978 542 1075 601 nostri
1100 542 1176 602 Jesu
1203 544 1318 604 christi

111 623 254 700 respicere
267 623 389 700 dignare
401 641 490 700 super
502 621 583 680 hunc
595 622 741 680 famulum
762 629 850 680 tuum
872 621 929 702 (aei
947 622 1024 681 hano
1044 623 1187 682 famulam
1208 624 1314 703 tuam).

112 703 171 761 Hic
184 704 284 780 primo
297 703 432 779 inquirat
445 702 585 763 Sacerdos
597 723 702 762 υονυυυ
718 703 846 779 insaritis
858 712 886 762 et
898 704 1090 781 respondeant
1104 704 1224 780 patriai
1232 729 1242 765 .·
1264 705 1304 763 N.
1307 748 1316 777 ‚

112 802 201 859 quem
216 783 272 860 (ael
284 785 385 862 quam)
399 783 437 842 ed
451 783 620 841 rudimento
632 783 711 855 fidei,
726 795 752 841 et
766 793 857 842 cetera
869 791 904 841 at
917 803 1017 860 capra,
1032 803 1060 861 p.
1077 786 1104 842 ὅ.

172 864 287 922 Deinde
300 864 420 922 dicatur
434 862 536 922 Oratio
548 863 610 922 sine
624 863 772 921 Dominus
785 863 946 935 vobiscum,
960 865 1010 922 sed
1023 884 1090 922 cam
1103 864 1238 924 Oremus.

174 944 279 1002 Preces
289 949 414 1016 nostras,
426 962 601 1019 quesumus,
610 943 748 1014 Domine,
757 945 918 1002 clementer
927 944 1044 1015 exarrdi,
1055 951 1091 1002 ut
1100 945 1180 1003 hunc
1191 946 1318 1004 electum

112 1031 200 1082 tuum
212 1024 268 1099 (vel
276 1024 351 1081 hanc
362 1023 484 1082 electam
494 1024 599 1101 tuum).
642 1021 842 1100 *Hispatrioi
852 1033 879 1082 et
888 1025 1024 1082 matrina
1033 1027 1318 1102 rtomiaerttpaerum

113 1105 154 1165 N.
170 1106 230 1163 Hic
234 1104 336 1178 faciat
345 1103 604 1163 Sacerdoscracem
613 1103 648 1161 ia
649 1103 753 1179 fronte
763 1104 892 1178 infantie
900 1104 1014 1166 diceas:
1029 1104 1133 1163 Crucis
1144 1106 1317 1179 Dominicae,

114 1185 199 1261 cujus
212 1184 403 1261 impressione
416 1204 484 1242 cum
492 1182 533 1264 ᾧ
541 1184 585 1243 od
596 1203 661 1242 eam
675 1184 834 1261 signemus,
850 1193 877 1242 et
889 1193 982 1243 cetera
994 1193 1029 1242 ot
1041 1204 1141 1262 suma,
1157 1206 1185 1263 p.
1203 1189 1230 1246 6.

176 1264 285 1323 Orat-io.
329 1265 411 1324 Deus
424 1266 477 1342 qui
489 1265 622 1338 humani,
637 1274 664 1324 et
677 1274 769 1324 cetera
783 1274 930 1341 utsupra,
946 1265 1061 1324 ibidem.

174 1344 339 1404 Benedictio
352 1345 431 1405 Salis
443 1347 505 1405 siae
527 1345 660 1404 Orcmus.
708 1346 851 1404 Exorcizo
864 1354 903 1418 te,
919 1352 1055 1405 creatura
1067 1346 1170 1419 solist
1187 1356 1213 1406 et
1226 1357 1318 1407 cetera

112 1433 146 1482 ut
159 1444 261 1509 capro,
276 1427 391 1485 ibidem.

171 1506 277 1566 Postea
290 1508 443 1583 interropet
456 1506 597 1566 Sacerdos
609 1527 716 1567 uomere
729 1508 829 1584 paeri,
844 1517 870 1566 et
878 1517 1014 1584 portatur
1026 1508 1061 1568 de
1074 1507 1137 1584 ipso
1151 1507 1210 1567 saie
1223 1508 1258 1567 io
1271 1528 1319 1568 oro

112 1585 182 1662 ejas,
196 1588 241 1645 ita
254 1587 390 1647 dicendo:
615 1631 617 1635 ,

172 1669 225 1740 N,
245 1667 356 1745 Accipe
369 1668 461 1725 salem
473 1668 635 1743 sapientis,
651 1677 677 1726 et
691 1677 789 1726 cetera.
832 1668 916 1744 Reep.
959 1669 1067 1727 Amen.

172 1748 243 1807 Post
256 1749 344 1806 salem
357 1750 462 1806 datam
475 1749 554 1806 dicat
567 1748 708 1807 Sacerdos
721 1769 808 1825 saper
821 1748 985 1806 rreascrduot
998 1749 1194 1822 odfaniaooe
1206 1774 1216 1811 :

173 1827 321 1886 Dominus
333 1829 494 1898 vobiscum,
509 1835 536 1886 et
550 1829 684 1887 Oremus.

172 1908 255 1966 Deus
270 1909 396 1966 Petrum
409 1914 588 1979 nostrorum,
603 1918 629 1967 et
643 1917 735 1966 cetera
749 1916 783 1964 ot
796 1928 897 1983 erepra,
912 1927 939 1984 p.
958 1908 985 1965 2.

171 1988 320 2063 Sequatur
335 1988 437 2046 Oratio
451 2007 538 2062 super
550 1988 715 2046 masculam
729 1996 847 2046 tantam
859 1988 922 2046 sirie
932 1988 1080 2046 Dominus
1094 1990 1255 2059 vobiscum,
1270 1991 1319 2047 sed

114 2089 181 2128 coru
194 2069 328 2126 Orcmus.

174 2148 284 2207 Oratio.
327 2148 410 2204 Deus
424 2144 588 2218 Abrsham,
605 2147 688 2204 Deus
702 2147 796 2219 Isaac,
811 2155 837 2205 et
850 2156 942 2205 cetera
961 2155 995 2204 at
1014 2167 1116 2223 ortpra,
1131 2167 1160 2226 p.
1178 2147 1204 2207 7.
1248 2147 1320 2208 Siros

115 2227 175 2285 Per
188 2227 350 2284 Christum.

173 2306 335 2381 ArIjaratio
351 2324 439 2381 super
458 2305 622 2364 resedam
641 2305 704 2364 eine
725 2305 872 2362 Dominus
892 2305 1052 2378 vobiscum,
1068 2308 1169 2366 atriae
1184 2306 1318 2380 Oremus,

113 2387 265 2446 Sacerdote
278 2386 320 2444 sic
332 2386 460 2445 dicente:

175 2467 263 2543 Ergo,
285 2465 440 2524 maledicte
459 2485 551 2540 rosque
571 2466 612 2523 ad
631 2471 662 2523 ct
680 2465 736 2524 hoc
759 2464 877 2541 signum
895 2471 1004 2523 sunctae
1025 2466 1127 2538 crucis,
1149 2466 1209 2525 Hic
1219 2466 1320 2540 sociat

112 2548 253 2606 Sacerdos
276 2546 394 2622 νὶρυυνυ
417 2546 513 2604 aucis
532 2546 566 2602 ire
577 2546 681 2621 fronte
700 2545 829 2621 insaritis
849 2566 915 2604 carn
933 2545 1037 2622 pollice
1057 2566 1110 2605 sao
1131 2547 1176 2605 ita
1201 2547 1319 2606 dimas:

113 2629 200 2698 Quod
214 2647 277 2701 nor,
292 2637 318 2686 et
332 2636 423 2685 cetera
437 2636 470 2684 at
484 2646 584 2702 sopra,
600 2645 627 2703 p.
645 2628 672 2686 7.

175 2709 259 2785 Resp.
301 2708 409 2765 Amen.

172 2790 245 2847 Hoec
262 2807 381 2863 sequens
404 2787 506 2845 Oratio
527 2786 640 2845 dicitur
663 2806 750 2862 caper
771 2786 936 2846 ruoscalam
956 2796 1075 2846 tantam
1088 2789 1150 2848 ciac
1170 2787 1319 2847 Dominus

113 2870 274 2941 vobiscum,
289 2878 316 2926 et
328 2867 391 2926 sinc
405 2869 538 2926 Oremus.

173 2950 256 3008 Deus
274 2947 442 3006 immortale
462 2947 641 3024 praesidium,
657 2956 684 3006 et
704 2957 796 3007 cetera
815 2955 849 3006 ut
869 2968 970 3025 supra,
984 2969 1012 3026 p.
1030 2948 1068 3022 7.,
1082 2970 1174 3026 usque
1193 2951 1235 3008 ad
1254 2968 1319 3026 pro·

113 3029 202 3088 missa
216 3031 264 3087 tui
277 3029 409 3086 muneris
428 3048 520 3104 regnu
539 3028 690 3104 percipiet
735 3029 795 3098 Qui
808 3029 889 3087 vivis
902 3037 934 3088 et
947 3049 1052 3107 regnas
1066 3050 1134 3088 cum
1148 3030 1214 3089 Deo
1228 3030 1320 3090 Putre

113 3111 146 3168 in
158 3111 277 3168 unitate
291 3109 420 3184 Spiritus
435 3108 538 3166 Sancti
551 3109 634 3166 Deus
648 3128 701 3185 per
714 3110 815 3168 omnia
826 3109 934 3168 saecula
947 3111 1129 3169 saeculorum.
1172 3111 1282 3169 Amen.

172 3190 331 3266 Adjuratio
352 3209 439 3264 saper
459 3188 624 3247 marcidam
648 3198 767 3248 tantam
782 3190 845 3249 siae
867 3189 1016 3249 Dominus
1036 3192 1197 3263 vobiscum,
1211 3200 1238 3250 et
1258 3191 1321 3251 riae

115 3272 250 3342 Oremus,
264 3270 317 3328 Ieoc
328 3271 414 3327 modo
423 3292 433 3329 :

173 3350 267 3423 Audi,
282 3349 436 3408 maledicte
450 3348 570 3421 Sciens,
583 3357 611 3407 et
625 3357 716 3407 cetera
728 3358 877 3425 utsupra,
892 3368 920 3425 p.
939 3348 965 3408 7.

173 3430 362 3488 anrcicmas
374 3449 462 3505 cuper
474 3429 639 3487 rreascaiam
651 3430 714 3486 sirie
729 3430 861 3487 Oremus.

174 3509 317 3568 Exorcizo
336 3516 376 3581 te,
398 3509 551 3567 immunde
573 3509 711 3583 Spiritus,
733 3510 765 3565 in
786 3508 906 3566 nominc
928 3507 987 3565 Dei
1008 3507 1117 3580 Patris,
1138 3514 1169 3566 et
1188 3508 1269 3580 Filii,
1291 3517 1322 3568 et

115 3591 246 3668 Spiritus
260 3590 371 3662 Sancti,
387 3596 422 3648 ut
442 3609 530 3648 excas
550 3594 581 3647 et
600 3588 718 3646 recedas
731 3589 769 3645 ob
789 3587 845 3645 hcc
858 3587 969 3646 famulo
983 3587 1042 3646 Dei
1055 3588 1170 3664 respice,
1185 3588 1238 3661 N,
1252 3589 1322 3666 Ipse

115 3672 196 3730 cuim
209 3670 267 3729 tibi
279 3670 415 3747 imperat,
430 3678 456 3728 et
470 3679 562 3728 cetera
574 3677 609 3727 at
622 3688 723 3744 supra,
739 3688 766 3744 p.
784 3666 810 3726 7.
1402 3680 1405 3685 ·

174 3752 322 3828 Sequatur
335 3750 506 3827 adjuratio:
526 3750 616 3826 Ergo,
629 3748 793 3821 moledicte,
809 3756 843 3805 at
857 3767 956 3824 sopra.

175 3832 248 3893 Haec
267 3850 384 3907 εσᾳυννυ
405 3830 507 3890 Oratio
527 3829 648 3888 dmatar
665 3848 753 3906 super
774 3828 924 3904 feminam
949 3835 1065 3887 tautam
1087 3826 1150 3887 eine
1174 3827 1322 3888 Dominus

115 3913 276 3985 vobiscum,
291 3920 317 3971 et
330 3912 393 3972 sine
408 3910 543 3970 Oremus.
586 3909 697 3968 Oratio.

175 3993 258 4052 Deus
271 3993 336 4051 caeli
352 3991 498 4067 usquead
513 4009 602 4067 super
618 3989 695 4049 hsnc
708 3988 858 4060 famulam,
873 3987 989 4066 respice,
1004 3986 1045 4048 N.
1060 3995 1096 4046 ut
1113 3987 1282 4066 perducere,
1297 3998 1323 4048 et

117 4081 208 4133 cetera
221 4083 256 4132 at
269 4093 370 4150 sopra,
385 4092 413 4148 p.
430 4073 457 4130 8.

177 4226 195 4258 ⁴*
215 4226 389 4288 MS-“Et
402 4226 482 4284 dicat
495 4225 644 4298 Sacerdos,
659 4223 830 4283 Nominetis
843 4224 996 4284 infantem.
1034 4224 1237 4301 Reeporvdeant
1250 4243 1323 4283 com·

113 4307 234 4386 patriai
247 4316 272 4366 et
285 4306 491 4376 coarmatrinoe,
506 4304 566 4363 N.”

176 4389 196 4449 ’ν
215 4387 278 4447 The
291 4386 411 4464 printed
425 4384 564 4443 Manuale
577 4384 649 4443 used
662 4385 730 4462 give
742 4403 783 4442 no
797 4402 907 4443 crosses
924 4383 958 4441 in
971 4383 1023 4441 the
1040 4383 1105 4444 first
1121 4389 1191 4464 pert
1210 4383 1245 4441 of
1261 4383 1323 4443 this

118 4487 236 4546 prayer.
278 4467 361 4545 They
374 4486 424 4526 are
437 4464 530 4524 found
544 4464 577 4523 in
590 4464 643 4524 the
657 4464 723 4524 MS.
