3022 4966
599 321 851 390 amaram
875 297 1056 388 aaran,

480 555 671 613 Brunnrcrro
690 569 787 612 sorra
808 553 964 612 Burrauu
985 567 1022 609 nr
1044 551 1180 609 Oranus.

290 688 373 747 Deus
394 687 486 746 Pater
506 687 701 763 omnipotens,
716 692 826 744 aeterne
848 686 939 757 Deus,
953 685 976 742 J
977 703 1028 741 esu
1043 682 1103 740 Fili
1117 681 1186 753 Dei,
1202 699 1340 758 rogamus
1353 687 1384 737 te
1399 690 1434 738 ut

228 785 347 843 mittere
361 784 491 862 digneris
504 784 739 843 benedictionem
752 790 837 840 tuam
851 789 882 840 et
895 782 1072 840 medicinam
1092 779 1239 837 caelestem
1253 784 1284 836 et
1299 779 1432 837 divinam

229 882 442 959 protectionem
463 901 551 958 super
570 882 626 939 hoc
647 882 790 957 butyrum
807 879 855 938 vel
876 899 1000 952 caseum,
1015 884 1051 935 ut
1065 875 1200 954 proficiat
1212 876 1250 933 ad
1263 876 1434 934 salutemet

228 978 267 1036 ad
280 980 494 1056 protectionem
506 985 610 1036 contra
629 997 730 1036 omnes
750 976 942 1054 agritudincs
962 994 1118 1051 corporum
1131 974 1179 1032 vol
1194 975 1327 1031 omnium
1341 993 1432 1031 niem·

230 1075 351 1135 brorum
364 1077 446 1134 intus
459 1075 507 1135 vel
520 1075 592 1133 foris
606 1075 743 1133 omnibus
756 1074 837 1131 istud
851 1072 1045 1131 sumentibus.
1088 1070 1147 1128 Per
1161 1070 1333 1128 Dominum.

380 1272 573 1330 Bmmcflo
593 1286 690 1330 SUPER
711 1286 813 1328 POTUM
833 1284 1083 1339 Quamcunque
1103 1284 1165 1324 vat
1185 1283 1289 1326 elsua.

293 1405 431 1477 Domine,
451 1410 552 1462 sancte
567 1403 666 1475 Pater,
689 1403 876 1479 omnipotens
897 1407 1006 1460 aeterne
1028 1402 1119 1474 Deus,
1135 1402 1188 1479 qui
1213 1399 1307 1458 fecisti
1329 1401 1432 1457 caelum

231 1510 263 1561 et
276 1508 396 1574 terrm,
410 1520 492 1559 mare
510 1507 541 1559 et
562 1500 664 1558 omnia
683 1520 749 1575 quae
770 1499 804 1556 in
825 1500 868 1557 eis
888 1504 975 1570 sunt;
996 1505 1112 1575 rogote
1133 1504 1164 1557 et
1185 1504 1254 1575 peto
1267 1497 1301 1555 in
1313 1498 1433 1555 nominc

230 1600 306 1659 Jesu
320 1598 433 1658 Ohristi
452 1598 612 1675 Unigeniti
633 1597 705 1655 Filii
718 1597 774 1668 tui,
787 1603 824 1654 ut
837 1596 1019 1654 sanctificare
1043 1595 1174 1672 digneris
1198 1593 1320 1671 epulum
1341 1594 1432 1662 istud,

232 1696 310 1755 sicut
333 1694 513 1754 benedixisti
536 1694 735 1771 epulationem
759 1693 899 1765 Abrahae,
916 1693 999 1750 Isaac
1021 1700 1052 1750 ct
1073 1692 1178 1763 Jacob,
1199 1697 1230 1750 et
1253 1692 1331 1748 sicut
1352 1690 1436 1746 bene-

231 1792 337 1850 dixisti
350 1811 402 1850 sex
414 1792 535 1868 hydrias
556 1792 590 1848 in
612 1790 695 1849 (lana
708 1789 847 1861 Galilaeae,
862 1791 937 1847 etin
951 1790 1057 1847 vinum
1078 1790 1190 1847 bonum
1203 1805 1349 1845 conversae
1364 1794 1435 1841 sunt

231 1889 268 1948 de
281 1908 359 1965 aqua
368 1910 377 1962 3
396 1890 440 1946 ita
460 1893 599 1947 converte
618 1887 774 1945 materiam
793 1887 925 1944 cervisiae
946 1886 979 1943 in
999 1887 1178 1944 suavitatem
1201 1890 1233 1942 ct
1252 1883 1435 1940 hilaritatem

232 1985 326 2044 servis
349 1985 409 2043 tuis
436 1986 489 2063 qui
509 1986 543 2043 in
562 1985 619 2042 fide
643 1983 787 2042 catholica
807 1983 1005 2041 crediderunt.
1054 1982 1113 2040 Per
1134 1981 1258 2040 cundem
1280 1979 1433 2036 Christum

234 2081 398 2140 Dominum
412 2088 556 2140 nostrum.

566 2242 758 2301 Bruanrcrro
778 2257 821 2299 an
842 2240 962 2299 Dorum
983 2240 1111 2298 Novas.

291 2373 416 2444 Adesto,
445 2373 583 2446 Domine,
605 2371 869 2449 supplicationibus
895 2370 1014 2441 nostris,
1028 2376 1060 2428 et
1083 2369 1162 2427 hanc
1176 2369 1298 2427 domurn
1326 2370 1436 2426 screnis

232 2468 324 2527 oculis
343 2474 404 2527 tuse
428 2468 548 2545 pietatis
568 2469 693 2541 illustra,
708 2474 740 2526 ct
760 2467 918 2526 descendat
941 2485 1030 2542 super
1051 2467 1224 2524 habitantes
1237 2467 1271 2523 in
1284 2486 1319 2524 ea
1332 2468 1435 2542 gratiae

234 2569 294 2622 tuse
307 2565 390 2641 larga
409 2565 585 2637 benedictio,
600 2564 681 2621 utin
702 2564 749 2621 his
768 2563 945 2622 manufactis
968 2562 1146 2620 habitaculis
1170 2582 1238 2621 cum
1261 2564 1437 2622 salubritate

234 2666 387 2717 manentes
400 2660 457 2736 ipsi
470 2667 557 2717 tuum
571 2679 686 2736 semper
699 2659 761 2715 sint
773 2659 983 2717 habitaculum.
1028 2659 1086 2716 Per
1100 2659 1272 2716 Dominum.

638 2844 829 2900 Baramcmo
851 2861 883 2900 m
904 2860 1037 2901 Rouana

297 2971 467 3048 Multiplica
484 2992 572 3048 super
584 2993 646 3043 nos,
662 2973 798 3044 Domine,
814 2974 1043 3031 miscricordiam
1057 2980 1149 3042 tuam,
1166 2981 1196 3030 ct
1209 2993 1307 3050 preces
1321 2981 1436 3031 nostrus

235 3069 382 3145 propitius
416 3070 556 3127 exaudire
588 3070 726 3147 digneris,
756 3072 833 3128 sicut
866 3072 1014 3128 exaudisti
1048 3071 1193 3128 famulum
1220 3076 1307 3126 tuum
1337 3089 1436 3144 regem

236 3164 344 3237 David,
367 3167 418 3242 qui
442 3172 473 3223 te
496 3166 529 3223 in
552 3185 620 3223 area
644 3166 754 3223 hostias
778 3167 926 3224 offerendo
949 3167 1088 3243 placavit,
1110 3168 1185 3224 iram
1209 3165 1325 3235 avertit,
1341 3165 1436 3220 indul-

235 3262 365 3338 gentiam
379 3264 552 3340 impetravit
560 3284 569 3336 ς
582 3265 626 3321 ita
635 3264 745 3336 veniat,
759 3283 936 3340 quaesumus,
948 3271 1070 3341 speratae
1080 3261 1293 3322 benedictionis
1307 3262 1434 3331 ubertas,

235 3365 272 3416 ut
295 3362 399 3437 repleti
422 3362 556 3438 fmgibus
579 3362 640 3418 tuis
661 3362 698 3419 de
721 3367 775 3419 tus
797 3363 998 3420 misericordia
1022 3383 1136 3441 semper
1158 3361 1324 3439 gloriemur.
1377 3359 1436 3414 Por

236 3457 399 3516 Dominum
414 3465 551 3517 nostrum
563 3460 586 3517 J
587 3478 669 3516 esum
684 3458 843 3518 Christum.

518 3644 709 3702 Bersumno
729 3660 772 3702 sn
792 3662 891 3704 onam
911 3662 980 3715 cun
1001 3663 1157 3706 rosunum.

297 3774 434 3845 Benedic,
460 3773 597 3843 Domine,
623 3778 789 3830 creaturam
816 3772 905 3831 istam
927 3774 978 3846 N,
1001 3780 1036 3832 ut
1060 3776 1101 3832 sit
1125 3776 1286 3832 remedium
1309 3776 1437 3832 salutare

236 3872 337 3948 generi
357 3872 495 3941 humano,
510 3874 542 3926 et
557 3874 666 3944 praesta
688 3887 740 3944 per
759 3869 976 3929 invocationem
1000 3870 1129 3928 nominis
1151 3869 1205 3938 tui,
1221 3877 1256 3925 ut
1270 3871 1438 3944 quicunque

237 3985 276 4024 ex
288 3965 523 4041 assumpserint,
540 3965 669 4040 corporis
682 3964 841 4022 sanitatem
855 3972 886 4024 et
899 3967 1005 4025 animae
1019 3965 1142 4025 tutelam
1163 3965 1336 4040 percipiant.
1382 3969 1439 4024 Per

237 4061 402 4119 Dominum
415 4066 551 4120 nostrum
564 4061 587 4118 J
587 4079 676 4119 esum.

587 4236 778 4297 Baranrcrro
799 4240 888 4297 Saus
909 4256 947 4297 aa
967 4239 1091 4297 (lasura.

297 4365 380 4424 Deus
400 4366 464 4423 caeli
477 4370 625 4444 terraeque
638 4366 814 4440 dominator,
830 4368 882 4444 qui
903 4367 955 4425 das
975 4386 1071 4425 escam
1091 4368 1173 4427 omni
1194 4368 1276 4426 carui
1290 4376 1320 4426 et
1335 4369 1439 4445 imples
