<?xml version="1.0" encoding="UTF-8"?>
<!DOCTYPE html PUBLIC "-//W3C//DTD XHTML 1.0 Transitional//EN"
    "http://www.w3.org/TR/xhtml1/DTD/xhtml1-transitional.dtd">
<html xmlns="http://www.w3.org/1999/xhtml" xml:lang="en" lang="en">
 <head>
  <title>
</title>
<meta http-equiv="Content-Type" content="text/html;charset=utf-8" />
  <meta name='ocr-system' content='tesseract 3.04.00' />
  <meta name='ocr-capabilities' content='ocr_page ocr_carea ocr_par ocr_line ocrx_word'/>
</head>
<body>
  <div class='ocr_page' id='page_1' title='image "./manualeetproces00minsgoog_0035.png"; bbox 0 0 3022 4966; ppageno 0'>
   <div class='ocr_carea' id='block_1_1' title="bbox 312 330 1313 458">
    <p class='ocr_par' dir='ltr' id='par_1_1' title="bbox 312 330 1313 481">
     <span class='ocr_line' id='line_1_1' title="bbox 312 330 1313 458; baseline -0.002 -19"><span class='ocrx_word' id='word_1_1' title='bbox 312 378 333 439; x_wconf 83' lang='lat'>2</span> <span class='ocrx_word' id='word_1_2' title='bbox 521 344 683 454; x_wconf 67' lang='lat' dir='ltr'><strong>Ordoch</strong></span> <span class='ocrx_word' id='word_1_3' title='bbox 699 330 909 439; x_wconf 64' lang='lat' dir='ltr'><strong>dacicndam</strong></span> <span class='ocrx_word' id='word_1_4' title='bbox 929 374 1070 458; x_wconf 77' lang='lat' dir='ltr'><strong>Aquam</strong></span> <span class='ocrx_word' id='word_1_5' title='bbox 1090 371 1313 437; x_wconf 76' lang='lat' dir='ltr'><strong>Berscdictam.</strong></span> 
     </span>
    </p>
   </div>
   <div class='ocr_carea' id='block_1_2' title="bbox 550 470 580 498">
    <p class='ocr_par' dir='ltr' id='par_1_2' title="bbox 550 470 580 498">
     <span class='ocr_line' id='line_1_2' title="bbox 561 470 568 478; baseline 0 0"><span class='ocrx_word' id='word_1_6' title='bbox 561 470 568 478; x_wconf 69' lang='grc' dir='ltr'>ι</span> 
     </span>
     <span class='ocr_line' id='line_1_3' title="bbox 550 483 580 498; baseline 0 -5"><span class='ocrx_word' id='word_1_7' title='bbox 550 489 556 498; x_wconf 86' lang='grc'><strong>,</strong></span> <span class='ocrx_word' id='word_1_8' title='bbox 573 483 580 493; x_wconf 80' lang='grc' dir='ltr'>ι</span> 
     </span>
    </p>
   </div>
   <div class='ocr_carea' id='block_1_3' title="bbox 255 546 1511 1214">
    <p class='ocr_par' dir='ltr' id='par_1_3' title="bbox 311 546 1498 745">
     <span class='ocr_line' id='line_1_4' title="bbox 311 546 1498 643; baseline -0.003 -27"><span class='ocrx_word' id='word_1_9' title='bbox 311 557 373 616; x_wconf 86' lang='lat' dir='ltr'><strong>suis</strong></span> <span class='ocrx_word' id='word_1_10' title='bbox 387 557 577 643; x_wconf 32' lang='lat' dir='ltr'><strong>apostaticis-3</strong></span> <span class='ocrx_word' id='word_1_11' title='bbox 597 546 651 633; x_wconf 83' lang='lat' dir='ltr'><strong>per</strong></span> <span class='ocrx_word' id='word_1_12' title='bbox 667 555 813 613; x_wconf 84' lang='lat' dir='ltr'><strong>virtutem</strong></span> <span class='ocrx_word' id='word_1_13' title='bbox 831 553 963 631; x_wconf 86' lang='lat' dir='ltr'><strong>ejusdem</strong></span> <span class='ocrx_word' id='word_1_14' title='bbox 982 554 1105 612; x_wconf 87' lang='lat' dir='ltr'>Domini</span> <span class='ocrx_word' id='word_1_15' title='bbox 1124 555 1228 626; x_wconf 83' lang='lat' dir='ltr'><strong>nostri,</strong></span> <span class='ocrx_word' id='word_1_16' title='bbox 1243 555 1319 614; x_wconf 77' lang='lat' dir='ltr'><strong>dean</strong></span> <span class='ocrx_word' id='word_1_17' title='bbox 1332 553 1460 627; x_wconf 76' lang='lat' dir='ltr'><strong>Christi,</strong></span> <span class='ocrx_word' id='word_1_18' title='bbox 1476 576 1498 634; x_wconf 88' lang='lat' dir='ltr'>q</span> 
     </span>
     <span class='ocr_line' id='line_1_5' title="bbox 312 637 1496 745; baseline -0.003 -32"><span class='ocrx_word' id='word_1_19' title='bbox 312 663 458 745; x_wconf 73' lang='lat' dir='ltr'><strong>venturus</strong></span> <span class='ocrx_word' id='word_1_20' title='bbox 465 637 660 736; x_wconf 55' lang='lat' dir='ltr'><strong>dstjddioare</strong></span> <span class='ocrx_word' id='word_1_21' title='bbox 673 652 758 709; x_wconf 77' lang='lat' dir='ltr'><strong>rivos</strong></span> <span class='ocrx_word' id='word_1_22' title='bbox 771 658 802 709; x_wconf 90' lang='lat' dir='ltr'><strong>et</strong></span> <span class='ocrx_word' id='word_1_23' title='bbox 815 656 948 708; x_wconf 87' lang='lat' dir='ltr'><strong>mortuos</strong></span> <span class='ocrx_word' id='word_1_24' title='bbox 961 656 993 708; x_wconf 91' lang='lat' dir='ltr'><strong>et</strong></span> <span class='ocrx_word' id='word_1_25' title='bbox 1005 650 1146 708; x_wconf 72' lang='lat' dir='ltr'><strong>saeuum</strong></span> <span class='ocrx_word' id='word_1_26' title='bbox 1159 669 1213 726; x_wconf 87' lang='lat' dir='ltr'><strong>per</strong></span> <span class='ocrx_word' id='word_1_27' title='bbox 1226 651 1335 726; x_wconf 83' lang='lat' dir='ltr'><strong>ignem.</strong></span> <span class='ocrx_word' id='word_1_28' title='bbox 1380 652 1496 710; x_wconf 86' lang='lat' dir='ltr'><strong>Amen.</strong></span> 
     </span>
    </p>

    <p class='ocr_par' dir='ltr' id='par_1_4' title="bbox 375 744 509 823">
     <span class='ocr_line' id='line_1_6' title="bbox 375 744 509 823; baseline -0.007 -17"><span class='ocrx_word' id='word_1_29' title='bbox 375 744 509 823; x_wconf 54' lang='lat' dir='ltr'><strong>Orffmup&#39;:</strong></span> 
     </span>
    </p>

    <p class='ocr_par' dir='ltr' id='par_1_5' title="bbox 255 829 1511 1214">
     <span class='ocr_line' id='line_1_7' title="bbox 355 829 1495 920; baseline -0.003 -18"><span class='ocrx_word' id='word_1_30' title='bbox 355 829 536 920; x_wconf 74' lang='lat' dir='ltr'><strong>·Deus,&#39;qm</strong></span> <span class='ocrx_word' id='word_1_31' title='bbox 556 842 739 900; x_wconf 87' lang='lat' dir='ltr'><strong>adsalutem</strong></span> <span class='ocrx_word' id='word_1_32' title='bbox 760 840 884 898; x_wconf 86' lang='lat' dir='ltr'><strong>hnmani</strong></span> <span class='ocrx_word' id='word_1_33' title='bbox 903 840 1019 918; x_wconf 78' lang='lat' dir='ltr'><strong>generis</strong></span> <span class='ocrx_word' id='word_1_34' title='bbox 1039 841 1170 898; x_wconf 84' lang='lat' dir='ltr'><strong>maxima</strong></span> <span class='ocrx_word' id='word_1_35' title='bbox 1191 860 1315 917; x_wconf 82' lang='lat' dir='ltr'><strong>quaeque</strong></span> <span class='ocrx_word' id='word_1_36' title='bbox 1335 859 1495 900; x_wconf 74' lang='lat' dir='ltr'><strong>sacramen</strong></span> 
     </span>
     <span class='ocr_line' id='line_1_8' title="bbox 310 937 1511 1030; baseline -0.008 -30"><span class='ocrx_word' id='word_1_37' title='bbox 310 942 510 1030; x_wconf 70' lang='lat' dir='ltr'><strong>inaqliamm</strong></span> <span class='ocrx_word' id='word_1_38' title='bbox 530 941 697 998; x_wconf 87' lang='lat' dir='ltr'><strong>substantia</strong></span> <span class='ocrx_word' id='word_1_39' title='bbox 717 938 885 1010; x_wconf 83' lang='lat' dir='ltr'><strong>condidisti,</strong></span> <span class='ocrx_word' id='word_1_40' title='bbox 907 937 1008 995; x_wconf 86' lang='lat' dir='ltr'><strong>adesto</strong></span> <span class='ocrx_word' id='word_1_41' title='bbox 1029 939 1176 1014; x_wconf 90' lang='lat' dir='ltr'><strong>propitius</strong></span> <span class='ocrx_word' id='word_1_42' title='bbox 1198 938 1442 997; x_wconf 74' lang='lat' dir='ltr'><strong>invocationibus</strong></span> <span class='ocrx_word' id='word_1_43' title='bbox 1463 960 1511 998; x_wconf 74' lang='grc' dir='ltr'><strong>ιιι.1</strong></span> 
     </span>
     <span class='ocr_line' id='line_1_9' title="bbox 269 1022 1507 1114; baseline -0.006 -19"><span class='ocrx_word' id='word_1_44' title='bbox 269 1022 435 1114; x_wconf 61' lang='grc' dir='ltr'>.·ῒἰἰι;ἰι</span> <span class='ocrx_word' id='word_1_45' title='bbox 453 1038 598 1095; x_wconf 86' lang='lat' dir='ltr'><strong>elemento</strong></span> <span class='ocrx_word' id='word_1_46' title='bbox 616 1036 695 1105; x_wconf 89' lang='lat' dir='ltr'><strong>huic,</strong></span> <span class='ocrx_word' id='word_1_47' title='bbox 715 1035 864 1110; x_wconf 52' lang='lat' dir='ltr'><strong>Respiciet</strong></span> <span class='ocrx_word' id='word_1_48' title='bbox 881 1033 1023 1092; x_wconf 82' lang='lat' dir='ltr'><strong>Sacerdos</strong></span> <span class='ocrx_word' id='word_1_49' title='bbox 1043 1054 1161 1110; x_wconf 73' lang='lat' dir='ltr'><strong>aqriam,</strong></span> <span class='ocrx_word' id='word_1_50' title='bbox 1184 1033 1369 1092; x_wconf 72' lang='lat' dir='ltr'><strong>multimodis</strong></span> <span class='ocrx_word' id='word_1_51' title='bbox 1387 1036 1507 1112; x_wconf 86' lang='lat' dir='ltr'><strong>purifi</strong></span> 
     </span>
     <span class='ocr_line' id='line_1_10' title="bbox 255 1121 1491 1214; baseline 0 -24"><span class='ocrx_word' id='word_1_52' title='bbox 255 1121 441 1214; x_wconf 63' lang='lat' dir='ltr'><strong>3&#39;3·-t&#39;idnibus</strong></span> <span class='ocrx_word' id='word_1_53' title='bbox 461 1139 625 1209; x_wconf 85' lang='lat' dir='ltr'><strong>praeparato</strong></span> <span class='ocrx_word' id='word_1_54' title='bbox 646 1132 791 1188; x_wconf 76' lang='lat' dir='ltr'><strong>virtutem</strong></span> <span class='ocrx_word' id='word_1_55' title='bbox 812 1137 872 1187; x_wconf 78' lang='lat' dir='ltr'><strong>tua</strong></span> <span class='ocrx_word' id='word_1_56' title='bbox 893 1127 1156 1209; x_wconf 58' lang='lat' dir='ltr'><strong>benoffidictionis</strong></span> <span class='ocrx_word' id='word_1_57' title='bbox 1176 1130 1309 1200; x_wconf 82' lang='lat' dir='ltr'><strong>infunde,</strong></span> <span class='ocrx_word' id='word_1_58' title='bbox 1328 1137 1365 1188; x_wconf 86' lang='lat' dir='ltr'><strong>ut</strong></span> <span class='ocrx_word' id='word_1_59' title='bbox 1384 1139 1491 1190; x_wconf 85' lang='lat' dir='ltr'><strong>creatu</strong></span> 
     </span>
    </p>
   </div>
   <div class='ocr_carea' id='block_1_4' title="bbox 142 1226 1507 1495">
    <p class='ocr_par' dir='ltr' id='par_1_6' title="bbox 116 1226 1507 1495">
     <span class='ocr_line' id='line_1_11' title="bbox 182 1226 1507 1318; baseline 0.001 -32"><span class='ocrx_word' id='word_1_60' title='bbox 182 1309 189 1318; x_wconf 90' lang='lat'><em>.</em></span> <span class='ocrx_word' id='word_1_61' title='bbox 212 1236 363 1313; x_wconf 58' lang='lat' dir='ltr'><strong>&#39;·j3-,‘tua</strong></span> <span class='ocrx_word' id='word_1_62' title='bbox 389 1231 527 1305; x_wconf 83' lang='lat' dir='ltr'><strong>mysteria</strong></span> <span class='ocrx_word' id='word_1_63' title='bbox 554 1229 616 1286; x_wconf 91' lang='lat' dir='ltr'><strong>tuis</strong></span> <span class='ocrx_word' id='word_1_64' title='bbox 643 1228 700 1284; x_wconf 89' lang='lat' dir='ltr'><strong>tibi</strong></span> <span class='ocrx_word' id='word_1_65' title='bbox 727 1227 859 1284; x_wconf 83' lang='lat' dir='ltr'><strong>serviens</strong></span> <span class='ocrx_word' id='word_1_66' title='bbox 885 1226 923 1283; x_wconf 88' lang='lat' dir='ltr'><strong>ad</strong></span> <span class='ocrx_word' id='word_1_67' title='bbox 951 1226 1131 1302; x_wconf 86' lang='lat' dir='ltr'><strong>abjiciendos</strong></span> <span class='ocrx_word' id='word_1_68' title='bbox 1162 1227 1310 1284; x_wconf 85' lang='lat' dir='ltr'><strong>daemones</strong></span> <span class='ocrx_word' id='word_1_69' title='bbox 1341 1229 1507 1305; x_wconf 87' lang='lat' dir='ltr'><strong>morbosqu</strong></span> 
     </span>
     <span class='ocr_line' id='line_1_12' title="bbox 142 1323 1501 1403; baseline 0.005 -27"><span class='ocrx_word' id='word_1_70' title='bbox 142 1324 249 1399; x_wconf 70' lang='grc' dir='ltr'><strong>..’.ζ·,’.</strong></span> <span class='ocrx_word' id='word_1_71' title='bbox 309 1327 460 1403; x_wconf 90' lang='lat' dir='ltr'><strong>pellendos</strong></span> <span class='ocrx_word' id='word_1_72' title='bbox 478 1326 588 1383; x_wconf 89' lang='lat' dir='ltr'><strong>divinae</strong></span> <span class='ocrx_word' id='word_1_73' title='bbox 607 1325 711 1401; x_wconf 65' lang='lat' dir='ltr'><strong>grstia</strong></span> <span class='ocrx_word' id='word_1_74' title='bbox 729 1329 827 1380; x_wconf 87' lang='lat' dir='ltr'><strong>sumat</strong></span> <span class='ocrx_word' id='word_1_75' title='bbox 844 1323 992 1392; x_wconf 82' lang='lat' dir='ltr'><strong>effectum,</strong></span> <span class='ocrx_word' id='word_1_76' title='bbox 1007 1329 1043 1379; x_wconf 92' lang='lat' dir='ltr'><strong>ut</strong></span> <span class='ocrx_word' id='word_1_77' title='bbox 1060 1323 1201 1399; x_wconf 86' lang='lat' dir='ltr'><strong>quicquid</strong></span> <span class='ocrx_word' id='word_1_78' title='bbox 1218 1324 1250 1379; x_wconf 91' lang='lat' dir='ltr'><strong>in</strong></span> <span class='ocrx_word' id='word_1_79' title='bbox 1269 1323 1408 1381; x_wconf 80' lang='lat' dir='ltr'><strong>domibus</strong></span> <span class='ocrx_word' id='word_1_80' title='bbox 1427 1325 1478 1383; x_wconf 84' lang='lat' dir='ltr'><strong>vel</strong></span> <span class='ocrx_word' id='word_1_81' title='bbox 1494 1326 1501 1339; x_wconf 88' lang='grc'><strong>”</strong></span> 
     </span>
     <span class='ocr_line' id='line_1_13' title="bbox 199 1412 1492 1495; baseline 0.001 -16.879"><span class='ocrx_word' id='word_1_82' title='bbox 199 1412 213 1457; x_wconf 60' lang='grc' dir='ltr'>ἶ</span> <span class='ocrx_word' id='word_1_83' title='bbox 309 1423 381 1481; x_wconf 91' lang='lat' dir='ltr'><strong>locis</strong></span> <span class='ocrx_word' id='word_1_84' title='bbox 394 1423 526 1480; x_wconf 84' lang='lat' dir='ltr'><strong>fidelium</strong></span> <span class='ocrx_word' id='word_1_85' title='bbox 540 1423 602 1479; x_wconf 88' lang='lat' dir='ltr'><strong>hsce</strong></span> <span class='ocrx_word' id='word_1_86' title='bbox 621 1421 702 1477; x_wconf 86' lang='lat' dir='ltr'><strong>unda</strong></span> <span class='ocrx_word' id='word_1_87' title='bbox 716 1420 896 1495; x_wconf 79' lang='lat' dir='ltr'><strong>resperserit,</strong></span> <span class='ocrx_word' id='word_1_88' title='bbox 912 1425 1010 1476; x_wconf 84' lang='lat' dir='ltr'><strong>careat</strong></span> <span class='ocrx_word' id='word_1_89' title='bbox 1024 1421 1104 1476; x_wconf 90' lang='lat' dir='ltr'><strong>omni</strong></span> <span class='ocrx_word' id='word_1_90' title='bbox 1123 1420 1321 1490; x_wconf 88' lang='lat' dir='ltr'><strong>immunditia,</strong></span> <span class='ocrx_word' id='word_1_91' title='bbox 1340 1419 1492 1479; x_wconf 83' lang='lat' dir='ltr'><strong>liberetur</strong></span> 
     </span>
    </p>
   </div>
   <div class='ocr_carea' id='block_1_5' title="bbox 308 1514 1510 1957">
    <p class='ocr_par' dir='ltr' id='par_1_7' title="bbox 309 1514 1506 1781">
     <span class='ocr_line' id='line_1_14' title="bbox 309 1514 1506 1591; baseline -0.006 -16"><span class='ocrx_word' id='word_1_92' title='bbox 309 1537 405 1576; x_wconf 88' lang='lat' dir='ltr'><strong>noxa:</strong></span> <span class='ocrx_word' id='word_1_93' title='bbox 426 1538 487 1576; x_wconf 91' lang='lat' dir='ltr'><strong>non</strong></span> <span class='ocrx_word' id='word_1_94' title='bbox 501 1518 561 1575; x_wconf 92' lang='lat' dir='ltr'><strong>illic</strong></span> <span class='ocrx_word' id='word_1_95' title='bbox 576 1517 701 1574; x_wconf 87' lang='lat' dir='ltr'><strong>resideat</strong></span> <span class='ocrx_word' id='word_1_96' title='bbox 714 1515 837 1590; x_wconf 88' lang='lat' dir='ltr'><strong>spiritus</strong></span> <span class='ocrx_word' id='word_1_97' title='bbox 858 1514 1008 1590; x_wconf 87' lang='lat' dir='ltr'><strong>pestilens,</strong></span> <span class='ocrx_word' id='word_1_98' title='bbox 1023 1534 1084 1571; x_wconf 91' lang='lat' dir='ltr'><strong>non</strong></span> <span class='ocrx_word' id='word_1_99' title='bbox 1097 1518 1456 1591; x_wconf 75' lang='lat' dir='ltr'><strong>auracorrumpens5d1:</strong></span> <span class='ocrx_word' id='word_1_100' title='bbox 1485 1544 1506 1569; x_wconf 66' lang='lat' dir='ltr'><strong>»i</strong></span> 
     </span>
     <span class='ocr_line' id='line_1_15' title="bbox 309 1608 1499 1684; baseline 0.001 -14"><span class='ocrx_word' id='word_1_101' title='bbox 309 1621 363 1670; x_wconf 89' lang='lat' dir='ltr'><strong>ant</strong></span> <span class='ocrx_word' id='word_1_102' title='bbox 376 1633 477 1671; x_wconf 89' lang='lat' dir='ltr'><strong>omnes</strong></span> <span class='ocrx_word' id='word_1_103' title='bbox 497 1612 612 1668; x_wconf 66' lang='lat' dir='ltr'><strong>insidiae</strong></span> <span class='ocrx_word' id='word_1_104' title='bbox 633 1610 756 1667; x_wconf 82' lang='lat' dir='ltr'><strong>latentis</strong></span> <span class='ocrx_word' id='word_1_105' title='bbox 775 1610 898 1680; x_wconf 90' lang='lat' dir='ltr'><strong>inimici,</strong></span> <span class='ocrx_word' id='word_1_106' title='bbox 915 1615 946 1666; x_wconf 93' lang='lat' dir='ltr'><strong>ct</strong></span> <span class='ocrx_word' id='word_1_107' title='bbox 965 1609 992 1665; x_wconf 90' lang='lat' dir='ltr'><strong>si</strong></span> <span class='ocrx_word' id='word_1_108' title='bbox 1012 1608 1143 1684; x_wconf 83' lang='lat' dir='ltr'><strong>quidest</strong></span> <span class='ocrx_word' id='word_1_109' title='bbox 1157 1610 1302 1684; x_wconf 88' lang='lat' dir='ltr'><strong>quodant</strong></span> <span class='ocrx_word' id='word_1_110' title='bbox 1316 1610 1499 1671; x_wconf 81' lang='lat' dir='ltr'><strong>incolumita</strong></span> 
     </span>
     <span class='ocr_line' id='line_1_16' title="bbox 309 1704 1492 1781; baseline 0 -15"><span class='ocrx_word' id='word_1_111' title='bbox 309 1709 511 1766; x_wconf 74' lang='lat' dir='ltr'><strong>habitantium</strong></span> <span class='ocrx_word' id='word_1_112' title='bbox 531 1708 646 1764; x_wconf 84' lang='lat' dir='ltr'><strong>invidet</strong></span> <span class='ocrx_word' id='word_1_113' title='bbox 666 1713 720 1763; x_wconf 88' lang='lat' dir='ltr'><strong>aut</strong></span> <span class='ocrx_word' id='word_1_114' title='bbox 737 1705 840 1781; x_wconf 89' lang='lat' dir='ltr'><strong>quieti,</strong></span> <span class='ocrx_word' id='word_1_115' title='bbox 856 1705 1022 1780; x_wconf 82' lang='lat' dir='ltr'><strong>aspersione</strong></span> <span class='ocrx_word' id='word_1_116' title='bbox 1039 1704 1129 1778; x_wconf 90' lang='lat' dir='ltr'><strong>hujus</strong></span> <span class='ocrx_word' id='word_1_117' title='bbox 1146 1724 1229 1780; x_wconf 81' lang='lat' dir='ltr'><strong>aqnae</strong></span> <span class='ocrx_word' id='word_1_118' title='bbox 1247 1705 1380 1781; x_wconf 77' lang='lat' dir='ltr'><strong>effugiat,</strong></span> <span class='ocrx_word' id='word_1_119' title='bbox 1395 1714 1433 1765; x_wconf 93' lang='lat' dir='ltr'><strong>ut</strong></span> <span class='ocrx_word' id='word_1_120' title='bbox 1449 1709 1492 1766; x_wconf 84' lang='lat' dir='ltr'><strong>sal</strong></span> 
     </span>
    </p>

    <p class='ocr_par' dir='ltr' id='par_1_8' title="bbox 308 1800 1510 1957">
     <span class='ocr_line' id='line_1_17' title="bbox 309 1800 1510 1881; baseline 0.001 -22"><span class='ocrx_word' id='word_1_121' title='bbox 309 1805 403 1861; x_wconf 85' lang='lat' dir='ltr'><strong>britss</strong></span> <span class='ocrx_word' id='word_1_122' title='bbox 427 1824 480 1880; x_wconf 87' lang='lat' dir='ltr'><strong>per</strong></span> <span class='ocrx_word' id='word_1_123' title='bbox 502 1802 719 1859; x_wconf 78' lang='lat' dir='ltr'><strong>invocationem</strong></span> <span class='ocrx_word' id='word_1_124' title='bbox 746 1801 793 1856; x_wconf 90' lang='lat' dir='ltr'><strong>tui</strong></span> <span class='ocrx_word' id='word_1_125' title='bbox 820 1800 950 1856; x_wconf 88' lang='lat' dir='ltr'><strong>nominis</strong></span> <span class='ocrx_word' id='word_1_126' title='bbox 977 1800 1110 1876; x_wconf 83' lang='lat' dir='ltr'><strong>expetita</strong></span> <span class='ocrx_word' id='word_1_127' title='bbox 1137 1800 1175 1856; x_wconf 90' lang='lat' dir='ltr'><strong>ab</strong></span> <span class='ocrx_word' id='word_1_128' title='bbox 1202 1800 1339 1857; x_wconf 90' lang='lat' dir='ltr'><strong>omnibus</strong></span> <span class='ocrx_word' id='word_1_129' title='bbox 1362 1801 1510 1881; x_wconf 84' lang='lat' dir='ltr'><strong>impugna</strong></span> 
     </span>
     <span class='ocr_line' id='line_1_18' title="bbox 308 1895 1395 1957; baseline 0 -2"><span class='ocrx_word' id='word_1_130' title='bbox 308 1900 440 1957; x_wconf 85' lang='lat' dir='ltr'><strong>tionibus</strong></span> <span class='ocrx_word' id='word_1_131' title='bbox 454 1901 494 1955; x_wconf 92' lang='lat' dir='ltr'><strong>sit</strong></span> <span class='ocrx_word' id='word_1_132' title='bbox 507 1899 635 1954; x_wconf 78' lang='lat' dir='ltr'><strong>‹lcferrsa</strong></span> <span class='ocrx_word' id='word_1_133' title='bbox 679 1897 738 1953; x_wconf 90' lang='lat' dir='ltr'><strong>Per</strong></span> <span class='ocrx_word' id='word_1_134' title='bbox 752 1897 905 1953; x_wconf 86' lang='lat' dir='ltr'><strong>Christum</strong></span> <span class='ocrx_word' id='word_1_135' title='bbox 921 1896 1084 1952; x_wconf 90' lang='lat' dir='ltr'><strong>Dominum</strong></span> <span class='ocrx_word' id='word_1_136' title='bbox 1097 1902 1240 1952; x_wconf 88' lang='lat' dir='ltr'><strong>nostrum.</strong></span> <span class='ocrx_word' id='word_1_137' title='bbox 1283 1895 1395 1955; x_wconf 72' lang='lat' dir='ltr'><strong>Amen·</strong></span> 
     </span>
    </p>
   </div>
   <div class='ocr_carea' id='block_1_6' title="bbox 308 1999 1507 2461">
    <p class='ocr_par' dir='ltr' id='par_1_9' title="bbox 311 1999 1505 2172">
     <span class='ocr_line' id='line_1_19' title="bbox 370 1999 1505 2077; baseline 0 -16"><span class='ocrx_word' id='word_1_138' title='bbox 370 2004 484 2061; x_wconf 81' lang='lat' dir='ltr'><strong>Deinde</strong></span> <span class='ocrx_word' id='word_1_139' title='bbox 490 2006 550 2077; x_wconf 85' lang='lat' dir='ltr'><strong>fiat</strong></span> <span class='ocrx_word' id='word_1_140' title='bbox 565 2001 728 2058; x_wconf 69' lang='lat' dir='ltr'><strong>wnesseiatio</strong></span> <span class='ocrx_word' id='word_1_141' title='bbox 741 1999 814 2058; x_wconf 81' lang='lat' dir='ltr'><strong>salis</strong></span> <span class='ocrx_word' id='word_1_142' title='bbox 827 2008 852 2058; x_wconf 85' lang='lat' dir='ltr'><strong>et</strong></span> <span class='ocrx_word' id='word_1_143' title='bbox 866 2020 951 2074; x_wconf 74' lang='lat' dir='ltr'><strong>aquic</strong></span> <span class='ocrx_word' id='word_1_144' title='bbox 968 2019 1023 2074; x_wconf 85' lang='lat' dir='ltr'><strong>per</strong></span> <span class='ocrx_word' id='word_1_145' title='bbox 1035 2019 1159 2055; x_wconf 74' lang='lat' dir='ltr'><strong>orarium</strong></span> <span class='ocrx_word' id='word_1_146' title='bbox 1172 2000 1335 2057; x_wconf 75' lang='lat' dir='ltr'><strong>Sacerdotis</strong></span> <span class='ocrx_word' id='word_1_147' title='bbox 1351 2001 1385 2057; x_wconf 81' lang='lat' dir='ltr'><strong>in</strong></span> <span class='ocrx_word' id='word_1_148' title='bbox 1399 2005 1505 2061; x_wconf 81' lang='lat' dir='ltr'><strong>modm</strong></span> 
     </span>
     <span class='ocr_line' id='line_1_20' title="bbox 311 2098 806 2172; baseline -0.008 -13"><span class='ocrx_word' id='word_1_149' title='bbox 311 2102 412 2172; x_wconf 72' lang='lat' dir='ltr'><strong>crucia</strong></span> <span class='ocrx_word' id='word_1_150' title='bbox 428 2101 549 2159; x_wconf 83' lang='lat' dir='ltr'><strong>dicendo</strong></span> <span class='ocrx_word' id='word_1_151' title='bbox 563 2098 707 2156; x_wconf 68' lang='lat' dir='ltr'><strong>stabiliisse</strong></span> <span class='ocrx_word' id='word_1_152' title='bbox 721 2118 784 2156; x_wconf 86' lang='lat' dir='ltr'><strong>voce</strong></span> <span class='ocrx_word' id='word_1_153' title='bbox 796 2119 806 2152; x_wconf 90' lang='lat'><strong>.·</strong></span> 
     </span>
    </p>

    <p class='ocr_par' dir='ltr' id='par_1_10' title="bbox 308 2192 1507 2373">
     <span class='ocr_line' id='line_1_21' title="bbox 369 2192 1507 2270; baseline 0 -15"><span class='ocrx_word' id='word_1_154' title='bbox 369 2198 551 2256; x_wconf 74' lang='lat' dir='ltr'><strong>commixtio</strong></span> <span class='ocrx_word' id='word_1_155' title='bbox 571 2196 641 2254; x_wconf 85' lang='lat' dir='ltr'><strong>salis</strong></span> <span class='ocrx_word' id='word_1_156' title='bbox 661 2202 692 2252; x_wconf 89' lang='lat' dir='ltr'><strong>ct</strong></span> <span class='ocrx_word' id='word_1_157' title='bbox 712 2214 796 2269; x_wconf 77' lang='lat' dir='ltr'><strong>aquae</strong></span> <span class='ocrx_word' id='word_1_158' title='bbox 814 2193 925 2270; x_wconf 84' lang='lat' dir='ltr'><strong>pariter</strong></span> <span class='ocrx_word' id='word_1_159' title='bbox 944 2194 1003 2249; x_wconf 87' lang='lat' dir='ltr'><strong>fiat.</strong></span> <span class='ocrx_word' id='word_1_160' title='bbox 1048 2193 1086 2250; x_wconf 92' lang='lat' dir='ltr'><strong>In</strong></span> <span class='ocrx_word' id='word_1_161' title='bbox 1104 2193 1223 2250; x_wconf 91' lang='lat' dir='ltr'><strong>nomine</strong></span> <span class='ocrx_word' id='word_1_162' title='bbox 1239 2192 1338 2251; x_wconf 83' lang='lat' dir='ltr'><strong>Patris</strong></span> <span class='ocrx_word' id='word_1_163' title='bbox 1353 2201 1385 2252; x_wconf 87' lang='lat' dir='ltr'><strong>et</strong></span> <span class='ocrx_word' id='word_1_164' title='bbox 1400 2195 1507 2255; x_wconf 82' lang='lat' dir='ltr'><strong>Filiie</strong></span> 
     </span>
     <span class='ocr_line' id='line_1_22' title="bbox 308 2295 711 2373; baseline -0.007 -19"><span class='ocrx_word' id='word_1_165' title='bbox 308 2296 438 2373; x_wconf 82' lang='lat' dir='ltr'><strong>Spiritus</strong></span> <span class='ocrx_word' id='word_1_166' title='bbox 452 2296 561 2354; x_wconf 85' lang='lat' dir='ltr'><strong>Sancti.</strong></span> <span class='ocrx_word' id='word_1_167' title='bbox 604 2295 711 2351; x_wconf 86' lang='lat' dir='ltr'><strong>Amen.</strong></span> 
     </span>
    </p>

    <p class='ocr_par' dir='ltr' id='par_1_11' title="bbox 368 2385 1054 2461">
     <span class='ocr_line' id='line_1_23' title="bbox 368 2385 1054 2461; baseline -0.015 -11"><span class='ocrx_word' id='word_1_168' title='bbox 368 2394 516 2450; x_wconf 87' lang='lat' dir='ltr'><strong>Dominus</strong></span> <span class='ocrx_word' id='word_1_169' title='bbox 528 2390 691 2450; x_wconf 79' lang='lat' dir='ltr'><strong>vobiscum.</strong></span> <span class='ocrx_word' id='word_1_170' title='bbox 735 2387 857 2444; x_wconf 89' lang='lat' dir='ltr'><strong>Etcum</strong></span> <span class='ocrx_word' id='word_1_171' title='bbox 871 2385 979 2461; x_wconf 89' lang='lat' dir='ltr'><strong>spiritu</strong></span> <span class='ocrx_word' id='word_1_172' title='bbox 994 2390 1054 2441; x_wconf 82' lang='lat' dir='ltr'><strong>tuo.</strong></span> 
     </span>
    </p>
   </div>
   <div class='ocr_carea' id='block_1_7' title="bbox 300 2491 1511 3722">
    <p class='ocr_par' dir='ltr' id='par_1_12' title="bbox 369 2491 500 2547">
     <span class='ocr_line' id='line_1_24' title="bbox 369 2491 500 2547; baseline -0.015 0"><span class='ocrx_word' id='word_1_173' title='bbox 369 2491 500 2547; x_wconf 91' lang='lat' dir='ltr'><strong>Oremus.</strong></span> 
     </span>
    </p>

    <p class='ocr_par' dir='ltr' id='par_1_13' title="bbox 300 2579 1511 3722">
     <span class='ocr_line' id='line_1_25' title="bbox 368 2579 1499 2655; baseline -0.006 -13"><span class='ocrx_word' id='word_1_174' title='bbox 368 2585 459 2654; x_wconf 84' lang='lat' dir='ltr'><strong>Deus,</strong></span> <span class='ocrx_word' id='word_1_175' title='bbox 475 2585 593 2640; x_wconf 80' lang='lat' dir='ltr'><strong>imictae</strong></span> <span class='ocrx_word' id='word_1_176' title='bbox 608 2581 731 2638; x_wconf 87' lang='lat' dir='ltr'><strong>virtutis</strong></span> <span class='ocrx_word' id='word_1_177' title='bbox 744 2587 856 2652; x_wconf 88' lang='lat' dir='ltr'><strong>auctor,</strong></span> <span class='ocrx_word' id='word_1_178' title='bbox 871 2586 902 2636; x_wconf 90' lang='lat' dir='ltr'><strong>et</strong></span> <span class='ocrx_word' id='word_1_179' title='bbox 922 2579 1130 2654; x_wconf 88' lang='lat' dir='ltr'><strong>insuperabilis</strong></span> <span class='ocrx_word' id='word_1_180' title='bbox 1144 2579 1261 2655; x_wconf 91' lang='lat' dir='ltr'><strong>imperii</strong></span> <span class='ocrx_word' id='word_1_181' title='bbox 1274 2597 1337 2651; x_wconf 82' lang='lat' dir='ltr'><strong>rex,</strong></span> <span class='ocrx_word' id='word_1_182' title='bbox 1352 2599 1388 2637; x_wconf 90' lang='lat' dir='ltr'><strong>ac</strong></span> <span class='ocrx_word' id='word_1_183' title='bbox 1402 2600 1499 2640; x_wconf 85' lang='lat' dir='ltr'><strong>sem-</strong></span> 
     </span>
     <span class='ocr_line' id='line_1_26' title="bbox 306 2677 1505 2757; baseline -0.003 -16"><span class='ocrx_word' id='word_1_184' title='bbox 306 2682 480 2757; x_wconf 84' lang='lat' dir='ltr'><strong>magnificns</strong></span> <span class='ocrx_word' id='word_1_185' title='bbox 502 2678 710 2753; x_wconf 87' lang='lat' dir='ltr'><strong>triumphator,</strong></span> <span class='ocrx_word' id='word_1_186' title='bbox 726 2678 778 2752; x_wconf 90' lang='lat' dir='ltr'><strong>qui</strong></span> <span class='ocrx_word' id='word_1_187' title='bbox 800 2678 930 2734; x_wconf 66' lang='lat' dir='ltr'><strong>adscisce</strong></span> <span class='ocrx_word' id='word_1_188' title='bbox 955 2677 1166 2734; x_wconf 83' lang='lat' dir='ltr'><strong>dominationis</strong></span> <span class='ocrx_word' id='word_1_189' title='bbox 1189 2678 1266 2733; x_wconf 77' lang='lat' dir='ltr'><strong>vires</strong></span> <span class='ocrx_word' id='word_1_190' title='bbox 1289 2677 1442 2751; x_wconf 90' lang='lat' dir='ltr'><strong>reprimis,</strong></span> <span class='ocrx_word' id='word_1_191' title='bbox 1469 2700 1505 2756; x_wconf 90' lang='lat' dir='ltr'><strong>qu</strong></span> 
     </span>
     <span class='ocr_line' id='line_1_27' title="bbox 305 2772 1509 2853; baseline -0.002 -20"><span class='ocrx_word' id='word_1_192' title='bbox 305 2777 421 2834; x_wconf 89' lang='lat' dir='ltr'><strong>inimici</strong></span> <span class='ocrx_word' id='word_1_193' title='bbox 436 2774 580 2849; x_wconf 82' lang='lat' dir='ltr'><strong>rugientis</strong></span> <span class='ocrx_word' id='word_1_194' title='bbox 601 2773 746 2829; x_wconf 77' lang='lat' dir='ltr'><strong>saevitiam</strong></span> <span class='ocrx_word' id='word_1_195' title='bbox 764 2791 891 2847; x_wconf 89' lang='lat' dir='ltr'><strong>superas,</strong></span> <span class='ocrx_word' id='word_1_196' title='bbox 907 2772 959 2847; x_wconf 93' lang='lat' dir='ltr'><strong>qui</strong></span> <span class='ocrx_word' id='word_1_197' title='bbox 977 2772 1099 2829; x_wconf 88' lang='lat' dir='ltr'><strong>hostiles</strong></span> <span class='ocrx_word' id='word_1_198' title='bbox 1116 2772 1264 2846; x_wconf 88' lang='lat' dir='ltr'><strong>nequitias</strong></span> <span class='ocrx_word' id='word_1_199' title='bbox 1284 2781 1392 2847; x_wconf 79' lang='lat' dir='ltr'><strong>potens</strong></span> <span class='ocrx_word' id='word_1_200' title='bbox 1408 2794 1509 2853; x_wconf 79' lang='lat' dir='ltr'><strong>expug</strong></span> 
     </span>
     <span class='ocr_line' id='line_1_28' title="bbox 305 2868 1511 2944; baseline 0.001 -15"><span class='ocrx_word' id='word_1_201' title='bbox 305 2891 360 2929; x_wconf 91' lang='lat' dir='ltr'><strong>nas</strong></span> <span class='ocrx_word' id='word_1_202' title='bbox 373 2890 382 2942; x_wconf 86' lang='lat'>;</span> <span class='ocrx_word' id='word_1_203' title='bbox 405 2877 444 2942; x_wconf 88' lang='lat' dir='ltr'><strong>te,</strong></span> <span class='ocrx_word' id='word_1_204' title='bbox 460 2869 597 2938; x_wconf 89' lang='lat' dir='ltr'><strong>Domine,</strong></span> <span class='ocrx_word' id='word_1_205' title='bbox 611 2874 770 2925; x_wconf 82' lang='lat' dir='ltr'><strong>trementes</strong></span> <span class='ocrx_word' id='word_1_206' title='bbox 783 2875 815 2925; x_wconf 88' lang='lat' dir='ltr'><strong>et</strong></span> <span class='ocrx_word' id='word_1_207' title='bbox 828 2868 974 2944; x_wconf 88' lang='lat' dir='ltr'><strong>supplices</strong></span> <span class='ocrx_word' id='word_1_208' title='bbox 988 2869 1178 2943; x_wconf 86' lang='lat' dir='ltr'><strong>deprecamur</strong></span> <span class='ocrx_word' id='word_1_209' title='bbox 1191 2888 1224 2924; x_wconf 89' lang='lat' dir='ltr'><strong>ac</strong></span> <span class='ocrx_word' id='word_1_210' title='bbox 1239 2869 1377 2943; x_wconf 87' lang='lat' dir='ltr'><strong>potimus,</strong></span> <span class='ocrx_word' id='word_1_211' title='bbox 1392 2880 1432 2929; x_wconf 92' lang='lat' dir='ltr'><strong>ut</strong></span> <span class='ocrx_word' id='word_1_212' title='bbox 1442 2873 1511 2929; x_wconf 89' lang='lat' dir='ltr'><strong>ban</strong></span> 
     </span>
     <span class='ocr_line' id='line_1_29' title="bbox 304 2964 1509 3046; baseline -0.005 -21"><span class='ocrx_word' id='word_1_213' title='bbox 304 2975 479 3039; x_wconf 86' lang='lat' dir='ltr'><strong>creaturam,</strong></span> <span class='ocrx_word' id='word_1_214' title='bbox 503 2965 563 3023; x_wconf 86' lang='lat' dir='ltr'><strong>llic</strong></span> <span class='ocrx_word' id='word_1_215' title='bbox 583 2966 718 3040; x_wconf 82' lang='lat' dir='ltr'><strong>respiciat</strong></span> <span class='ocrx_word' id='word_1_216' title='bbox 738 2964 878 3023; x_wconf 82' lang='lat' dir='ltr'><strong>Sacerdos</strong></span> <span class='ocrx_word' id='word_1_217' title='bbox 898 2986 1009 3039; x_wconf 79' lang='lat' dir='ltr'><strong>aquom</strong></span> <span class='ocrx_word' id='word_1_218' title='bbox 1036 2965 1094 3022; x_wconf 85' lang='lat' dir='ltr'><strong>sale</strong></span> <span class='ocrx_word' id='word_1_219' title='bbox 1122 2966 1254 3035; x_wconf 77' lang='lat' dir='ltr'><strong>rrrirtum,</strong></span> <span class='ocrx_word' id='word_1_220' title='bbox 1282 2965 1353 3022; x_wconf 88' lang='lat' dir='ltr'><strong>salis</strong></span> <span class='ocrx_word' id='word_1_221' title='bbox 1377 2973 1411 3024; x_wconf 89' lang='lat' dir='ltr'><strong>et</strong></span> <span class='ocrx_word' id='word_1_222' title='bbox 1433 2989 1509 3046; x_wconf 88' lang='lat' dir='ltr'><strong>aqu</strong></span> 
     </span>
     <span class='ocr_line' id='line_1_30' title="bbox 304 3059 1500 3144; baseline -0.003 -23"><span class='ocrx_word' id='word_1_223' title='bbox 304 3065 463 3141; x_wconf 81' lang='lat' dir='ltr'><strong>dignanter</strong></span> <span class='ocrx_word' id='word_1_224' title='bbox 476 3062 608 3137; x_wconf 86' lang='lat' dir='ltr'><strong>accipias,</strong></span> <span class='ocrx_word' id='word_1_225' title='bbox 627 3059 960 3138; x_wconf 54' lang='lat' dir='ltr'><strong>benignusfflillustreS,</strong></span> <span class='ocrx_word' id='word_1_226' title='bbox 981 3062 1101 3137; x_wconf 84' lang='lat' dir='ltr'><strong>pietatis</strong></span> <span class='ocrx_word' id='word_1_227' title='bbox 1120 3067 1178 3116; x_wconf 83' lang='lat' dir='ltr'><strong>tuae</strong></span> <span class='ocrx_word' id='word_1_228' title='bbox 1196 3081 1276 3118; x_wconf 86' lang='lat' dir='ltr'><strong>more</strong></span> <span class='ocrx_word' id='word_1_229' title='bbox 1294 3062 1500 3144; x_wconf 60' lang='grc' dir='ltr'>ιιιιιοιιμῌίε</span> 
     </span>
     <span class='ocr_line' id='line_1_31' title="bbox 303 3157 1510 3234; baseline 0.001 -16"><span class='ocrx_word' id='word_1_230' title='bbox 303 3167 339 3218; x_wconf 84' lang='lat' dir='ltr'><strong>ut</strong></span> <span class='ocrx_word' id='word_1_231' title='bbox 352 3161 521 3234; x_wconf 90' lang='lat' dir='ltr'><strong>ubicunqne</strong></span> <span class='ocrx_word' id='word_1_232' title='bbox 541 3159 632 3215; x_wconf 84' lang='lat' dir='ltr'><strong>suerit</strong></span> <span class='ocrx_word' id='word_1_233' title='bbox 651 3177 777 3233; x_wconf 88' lang='lat' dir='ltr'><strong>aspersa,</strong></span> <span class='ocrx_word' id='word_1_234' title='bbox 792 3176 845 3232; x_wconf 89' lang='lat' dir='ltr'><strong>per</strong></span> <span class='ocrx_word' id='word_1_235' title='bbox 862 3157 1079 3214; x_wconf 77' lang='lat' dir='ltr'><strong>invocationem</strong></span> <span class='ocrx_word' id='word_1_236' title='bbox 1100 3158 1196 3214; x_wconf 88' lang='lat' dir='ltr'><strong>sancti</strong></span> <span class='ocrx_word' id='word_1_237' title='bbox 1210 3157 1340 3214; x_wconf 87' lang='lat' dir='ltr'><strong>nominis</strong></span> <span class='ocrx_word' id='word_1_238' title='bbox 1353 3161 1404 3216; x_wconf 88' lang='lat' dir='ltr'><strong>tui</strong></span> <span class='ocrx_word' id='word_1_239' title='bbox 1419 3163 1510 3219; x_wconf 84' lang='lat' dir='ltr'><strong>omn&#39;</strong></span> 
     </span>
     <span class='ocr_line' id='line_1_32' title="bbox 301 3253 1508 3335; baseline 0.001 -20"><span class='ocrx_word' id='word_1_240' title='bbox 301 3256 453 3315; x_wconf 85' lang='lat' dir='ltr'><strong>infestatio</strong></span> <span class='ocrx_word' id='word_1_241' title='bbox 484 3255 631 3312; x_wconf 86' lang='lat' dir='ltr'><strong>immundi</strong></span> <span class='ocrx_word' id='word_1_242' title='bbox 661 3254 786 3330; x_wconf 88' lang='lat' dir='ltr'><strong>spiritus</strong></span> <span class='ocrx_word' id='word_1_243' title='bbox 816 3253 983 3327; x_wconf 89' lang='lat' dir='ltr'><strong>abjiciatur,</strong></span> <span class='ocrx_word' id='word_1_244' title='bbox 1012 3261 1166 3329; x_wconf 88' lang='lat' dir='ltr'><strong>terrorque</strong></span> <span class='ocrx_word' id='word_1_245' title='bbox 1196 3255 1337 3312; x_wconf 84' lang='lat' dir='ltr'><strong>venenosi</strong></span> <span class='ocrx_word' id='word_1_246' title='bbox 1364 3275 1476 3335; x_wconf 85' lang='lat' dir='ltr'><strong>serpen</strong></span> <span class='ocrx_word' id='word_1_247' title='bbox 1505 3286 1508 3291; x_wconf 85' lang='lat'><em>·</em></span> 
     </span>
     <span class='ocr_line' id='line_1_33' title="bbox 300 3349 1505 3430; baseline 0.002 -20"><span class='ocrx_word' id='word_1_248' title='bbox 300 3352 402 3430; x_wconf 92' lang='lat' dir='ltr'><strong>procul</strong></span> <span class='ocrx_word' id='word_1_249' title='bbox 417 3352 555 3428; x_wconf 88' lang='lat' dir='ltr'><strong>pellatur,</strong></span> <span class='ocrx_word' id='word_1_250' title='bbox 569 3357 600 3407; x_wconf 88' lang='lat' dir='ltr'><strong>ct</strong></span> <span class='ocrx_word' id='word_1_251' title='bbox 619 3351 779 3426; x_wconf 76' lang='lat' dir='ltr'><strong>prasentia</strong></span> <span class='ocrx_word' id='word_1_252' title='bbox 800 3349 902 3406; x_wconf 80' lang='lat' dir='ltr'><strong>Sancti</strong></span> <span class='ocrx_word' id='word_1_253' title='bbox 923 3349 1052 3425; x_wconf 86' lang='lat' dir='ltr'><strong>Spiritus</strong></span> <span class='ocrx_word' id='word_1_254' title='bbox 1073 3351 1159 3407; x_wconf 88' lang='lat' dir='ltr'><strong>nobis</strong></span> <span class='ocrx_word' id='word_1_255' title='bbox 1180 3351 1445 3412; x_wconf 87' lang='lat' dir='ltr'><strong>miscricordiamt</strong></span> <span class='ocrx_word' id='word_1_256' title='bbox 1472 3381 1505 3405; x_wconf 75' lang='lat' dir='ltr'><strong>:o</strong></span> 
     </span>
     <span class='ocr_line' id='line_1_34' title="bbox 300 3444 1503 3525; baseline -0.004 -19"><span class='ocrx_word' id='word_1_257' title='bbox 300 3448 489 3525; x_wconf 85' lang='lat' dir='ltr'><strong>poscentibus</strong></span> <span class='ocrx_word' id='word_1_258' title='bbox 510 3447 621 3522; x_wconf 91' lang='lat' dir='ltr'><strong>ubique</strong></span> <span class='ocrx_word' id='word_1_259' title='bbox 644 3445 745 3502; x_wconf 89' lang='lat' dir='ltr'><strong>adesse</strong></span> <span class='ocrx_word' id='word_1_260' title='bbox 769 3444 927 3520; x_wconf 87' lang='lat' dir='ltr'><strong>dignetur:</strong></span> <span class='ocrx_word' id='word_1_261' title='bbox 956 3445 1015 3501; x_wconf 88' lang='lat' dir='ltr'><strong>Por</strong></span> <span class='ocrx_word' id='word_1_262' title='bbox 1043 3445 1206 3502; x_wconf 90' lang='lat' dir='ltr'><strong>Dominum</strong></span> <span class='ocrx_word' id='word_1_263' title='bbox 1231 3453 1377 3520; x_wconf 87' lang='lat' dir='ltr'><strong>nostrum,</strong></span> <span class='ocrx_word' id='word_1_264' title='bbox 1405 3449 1503 3508; x_wconf 58' lang='lat' dir='ltr'><strong>,haue</strong></span> 
     </span>
     <span class='ocr_line' id='line_1_35' title="bbox 300 3541 1509 3621; baseline 0 -16"><span class='ocrx_word' id='word_1_265' title='bbox 300 3547 462 3618; x_wconf 83' lang='lat' dir='ltr'><strong>Christum,</strong></span> <span class='ocrx_word' id='word_1_266' title='bbox 484 3545 598 3603; x_wconf 85' lang='lat' dir='ltr'><strong>Filium</strong></span> <span class='ocrx_word' id='word_1_267' title='bbox 618 3549 714 3615; x_wconf 87' lang='lat' dir='ltr'><strong>tuum,</strong></span> <span class='ocrx_word' id='word_1_268' title='bbox 738 3541 800 3610; x_wconf 84' lang='lat' dir='ltr'><strong>Qui</strong></span> <span class='ocrx_word' id='word_1_269' title='bbox 813 3548 913 3597; x_wconf 82' lang='lat' dir='ltr'><strong>tecum</strong></span> <span class='ocrx_word' id='word_1_270' title='bbox 927 3541 1007 3597; x_wconf 78' lang='lat' dir='ltr'><strong>vivit</strong></span> <span class='ocrx_word' id='word_1_271' title='bbox 1027 3548 1058 3598; x_wconf 86' lang='lat' dir='ltr'><strong>ct</strong></span> <span class='ocrx_word' id='word_1_272' title='bbox 1072 3551 1175 3617; x_wconf 80' lang='lat' dir='ltr'><strong>regnat</strong></span> <span class='ocrx_word' id='word_1_273' title='bbox 1190 3544 1222 3599; x_wconf 91' lang='lat' dir='ltr'><strong>in</strong></span> <span class='ocrx_word' id='word_1_274' title='bbox 1237 3545 1354 3601; x_wconf 79' lang='lat' dir='ltr'><strong>unitate</strong></span> <span class='ocrx_word' id='word_1_275' title='bbox 1375 3545 1509 3621; x_wconf 82' lang='lat' dir='ltr'><strong>ejusdem</strong></span> 
     </span>
     <span class='ocr_line' id='line_1_36' title="bbox 300 3639 1311 3722; baseline -0.004 -20"><span class='ocrx_word' id='word_1_276' title='bbox 300 3644 429 3722; x_wconf 82' lang='lat' dir='ltr'><strong>Spiritus</strong></span> <span class='ocrx_word' id='word_1_277' title='bbox 443 3643 545 3702; x_wconf 80' lang='lat' dir='ltr'><strong>Sancti</strong></span> <span class='ocrx_word' id='word_1_278' title='bbox 560 3641 652 3712; x_wconf 89' lang='lat' dir='ltr'><strong>Deus,</strong></span> <span class='ocrx_word' id='word_1_279' title='bbox 673 3640 732 3698; x_wconf 92' lang='lat' dir='ltr'><strong>Per</strong></span> <span class='ocrx_word' id='word_1_280' title='bbox 746 3639 847 3695; x_wconf 89' lang='lat' dir='ltr'><strong>omnia</strong></span> <span class='ocrx_word' id='word_1_281' title='bbox 860 3639 965 3695; x_wconf 88' lang='lat' dir='ltr'><strong>saecula</strong></span> <span class='ocrx_word' id='word_1_282' title='bbox 979 3640 1159 3698; x_wconf 78' lang='lat' dir='ltr'><strong>saeculorum.</strong></span> <span class='ocrx_word' id='word_1_283' title='bbox 1203 3642 1311 3698; x_wconf 87' lang='lat' dir='ltr'><strong>Amen.</strong></span> 
     </span>
    </p>
   </div>
   <div class='ocr_carea' id='block_1_8' title="bbox 361 3765 680 3840">
    <p class='ocr_par' dir='ltr' id='par_1_14' title="bbox 361 3765 680 3840">
     <span class='ocr_line' id='line_1_37' title="bbox 361 3765 680 3840; baseline -0.013 -16"><span class='ocrx_word' id='word_1_284' title='bbox 361 3767 389 3824; x_wconf 83' lang='lat' dir='ltr'><em>F</em></span> <span class='ocrx_word' id='word_1_285' title='bbox 391 3768 432 3823; x_wconf 84' lang='lat' dir='ltr'><strong>iat</strong></span> <span class='ocrx_word' id='word_1_286' title='bbox 446 3765 574 3840; x_wconf 82' lang='lat' dir='ltr'><strong>aspersio</strong></span> <span class='ocrx_word' id='word_1_287' title='bbox 588 3783 680 3838; x_wconf 82' lang='lat' dir='ltr'><strong>uquce.</strong></span> 
     </span>
    </p>
   </div>
   <div class='ocr_carea' id='block_1_9' title="bbox 381 4409 1484 4485">
    <p class='ocr_par' dir='ltr' id='par_1_15' title="bbox 381 4409 1484 4485">
     <span class='ocr_line' id='line_1_38' title="bbox 381 4409 1484 4485; baseline 0.015 -26"><span class='ocrx_word' id='word_1_288' title='bbox 381 4411 592 4471; x_wconf 45' lang='lat' dir='ltr'><strong>lama-bis</strong></span> <span class='ocrx_word' id='word_1_289' title='bbox 646 4429 701 4482; x_wconf 89' lang='lat' dir='ltr'><strong>me,</strong></span> <span class='ocrx_word' id='word_1_290' title='bbox 742 4415 772 4466; x_wconf 87' lang='lat' dir='ltr'><strong>et</strong></span> <span class='ocrx_word' id='word_1_291' title='bbox 826 4427 950 4485; x_wconf 73' lang='lat' dir='ltr'><strong>snper</strong></span> <span class='ocrx_word' id='word_1_292' title='bbox 976 4409 1102 4467; x_wconf 90' lang='lat' dir='ltr'><strong>ni·vem</strong></span> <span class='ocrx_word' id='word_1_293' title='bbox 1144 4411 1181 4467; x_wconf 88' lang='lat' dir='ltr'><strong>de</strong></span> <span class='ocrx_word' id='word_1_294' title='bbox 1212 4445 1222 4455; x_wconf 93' lang='lat'>·</span> <span class='ocrx_word' id='word_1_295' title='bbox 1253 4411 1484 4475; x_wconf 57' lang='lat' dir='ltr'><strong>abba-bor.</strong></span> 
     </span>
    </p>
   </div>
   <div class='ocr_carea' id='block_1_10' title="bbox 0 0 1516 4966">
    <p class='ocr_par' dir='ltr' id='par_1_16' title="bbox 0 0 1516 4966">
     <span class='ocr_line' id='line_1_39' title="bbox 0 0 1516 4966; baseline 0 3"><span class='ocrx_word' id='word_1_296' title='bbox 0 0 1516 4966; x_wconf 95' lang='lat' dir='ltr'><strong> </strong></span> 
     </span>
    </p>
   </div>
  </div>
 </body>
</html>
