3022 4966
585 359 633 424 In
646 356 738 423 Festo
751 354 862 422 onius
875 353 1049 440 Martyris.

356 645 397 702 IN
418 643 517 701 quo
539 659 633 702 Unius
653 639 807 702 APOSTOLI
829 659 867 701 m*
888 658 1093 701 insulsorum
1113 659 1277 702 situum

275 778 455 856 Antiphone

276 876 365 935 Beati
388 877 479 950 eritis,
494 897 561 935 cnm
584 897 637 936 vos
660 877 778 936 oderint
799 876 932 935 hominos
955 882 987 934 et
1007 896 1075 934 cum
1099 879 1299 955 separaverint
1319 900 1371 938 vos
1385 888 1416 939 et

215 976 461 1052 exprobraverint
484 982 515 1034 ct
538 976 678 1052 ejecerint
704 994 813 1034 nomen
838 981 971 1033 vestrum
995 982 1139 1052 tauquam
1162 976 1273 1035 mulum
1296 985 1417 1056 proptor

214 1072 328 1131 Filium
340 1073 488 1147 hominm
507 1073 634 1150 gaudete
648 1078 678 1131 et
692 1072 834 1145 exultate,
849 1090 914 1129 ecce
928 1071 1008 1128 onim
1028 1090 1138 1130 merces
1154 1078 1251 1131 vestra
1263 1074 1359 1132 multo
1372 1082 1418 1133 cst

214 1170 247 1228 in
262 1170 341 1229 caelo.

276 1268 323 1327 De
335 1267 472 1344 apostolis
484 1266 711 1343 Respocsocium
720 1291 730 1326 :
767 1259 772 1267 ’

276 1365 365 1425 Cives
391 1365 592 1444 apostolorum
615 1372 645 1423 ct
668 1364 821 1423 domestici
849 1363 909 1423 Dei
934 1362 1120 1421 advenerunt
1138 1364 1235 1437 hodio,
1257 1364 1418 1424 Portsntes

214 1464 308 1523 iucem
323 1471 354 1522 ct
366 1464 571 1522 illuminantes
590 1463 727 1540 patriam,
742 1463 812 1520 dare
825 1481 927 1539 pacem
940 1461 1078 1538 gentibus
1091 1467 1122 1519 et
1135 1461 1261 1522 liberare
1274 1465 1416 1542 populum

215 1562 347 1620 Domini.
389 1561 505 1619 Audite
525 1580 624 1638 preces
644 1560 810 1637 supplicum
823 1560 894 1617 vitsc
915 1564 1033 1618 aeternsc
1054 1565 1206 1636 poscentes
1219 1562 1348 1638 praemio,
1364 1564 1418 1639 qui

213 1657 299 1717 fertis
312 1659 345 1715 in
358 1657 473 1716 dextris
491 1657 658 1734 manipulos
674 1657 802 1734 justitiae
827 1657 937 1733 quique
960 1656 1122 1733 gaudentes
1142 1657 1304 1716 advenistis
1317 1658 1414 1718 hodic.

214 1754 382 1815 Portantes.

275 1850 380 1909 Gloria
393 1850 480 1908 Patri
493 1856 524 1908 et
537 1849 616 1908 Filio
629 1856 660 1908 et
674 1849 801 1927 Spiritui
815 1847 931 1908 Sancto.
975 1848 1142 1910 Portunus

218 1945 248 2006 V.
264 1946 494 2026 (sacerdotalis)
538 1947 577 2004 In
591 1966 710 2005 omnem
722 1952 833 2004 terrum
847 1947 945 2004 exivit
957 1965 1046 2004 sonus
1060 1966 1170 2006 eorum

277 2043 386 2104 Oratio.

275 2141 460 2215 Quaesumus,
485 2143 672 2220 omnipotens
700 2143 791 2216 Deus,
816 2147 853 2201 ut
875 2144 980 2202 bestus
1004 2144 1043 2202 N.
1070 2145 1221 2220 spostolus
1246 2153 1332 2204 tuum
1360 2167 1415 2224 pro

212 2239 299 2297 nobis
320 2239 459 2316 imploret
480 2240 635 2312 auxilium,
650 2247 687 2298 ut
699 2260 718 2298 a
730 2241 841 2299 nostris
862 2242 996 2299 reatibus
1016 2241 1146 2300 absoluti
1159 2262 1177 2299 a
1190 2245 1303 2301 cunctis
1324 2245 1416 2303 etism

211 2334 349 2411 periculis
363 2355 509 2394 eruamur.
554 2336 614 2394 Per
628 2336 781 2395 Christum
796 2336 960 2394 Dominum
973 2343 1116 2395 nostrum.
1159 2338 1268 2397 Amen.

273 2431 479 2491 Plurimornm
492 2434 695 2509 apostolorum.
739 2433 849 2492 Oratio.

275 2529 357 2587 Deus
380 2530 432 2606 qui
456 2550 510 2588 nos
535 2550 634 2588 annuc
660 2530 861 2607 apostolorum
887 2535 1008 2588 tuorum
1031 2530 1072 2588 N.
1097 2537 1128 2590 et
1152 2530 1191 2590 N.
1217 2533 1416 2594 sollemnitate

213 2625 362 2691 laetificas;
392 2633 500 2701 praestn
524 2633 559 2683 ut
582 2627 893 2704 quorun1.guudemns
915 2627 1038 2699 meritis
1059 2627 1242 2687 instruamur
1262 2633 1413 2707 exemplis.

214 2720 272 2778 Per
287 2722 440 2778 Christum
455 2723 618 2779 Dominum
633 2730 775 2780 nostrum.
819 2726 929 2780 Amen.

549 2955 587 3010 Is
609 2955 708 3011 Fssro
730 2971 822 3012 unius
845 2955 1075 3013 Ei'nnusnisrm.

273 3032 505 3107 Responsorium.

274 3130 425 3199 Quattuor
438 3131 579 3188 animalia
592 3131 678 3189 ibant
692 3139 723 3189 ct
736 3133 964 3190 revertebuntur
986 3135 1017 3191 in
1040 3135 1266 3193 similitudinem
1288 3136 1414 3211 fulguris

213 3229 400 3300 coruscantis,
416 3236 446 3286 et
459 3237 523 3286 erat
536 3230 569 3286 in
582 3230 679 3287 medio
699 3231 837 3307 splendor
851 3232 936 3306 ignis,
952 3233 993 3289 Et
1007 3233 1043 3289 dc
1057 3234 1125 3309 igne
1139 3234 1240 3310 fulgur
1253 3235 1411 3310 egrediens.

218 3329 247 3387 V.
273 3330 348 3386 Erat
372 3336 472 3388 autem
496 3330 581 3405 quasi
605 3330 679 3386 visio
704 3330 870 3387 discurrens
890 3331 921 3387 in
942 3332 1038 3388 modio
1063 3339 1206 3407 quattuor
1229 3333 1411 3391 animalium.

212 3426 254 3484 Et
268 3427 304 3484 de
324 3428 399 3503 igne.

273 3525 376 3583 Gloria
390 3526 476 3583 Patri
490 3532 520 3583 ct
534 3525 613 3583 Filio
627 3531 657 3583 et
672 3525 799 3601 Spiritui
813 3526 928 3583 Sancto.
971 3526 1012 3582 Et
1026 3526 1062 3582 dc
1083 3526 1159 3603 igne.

574 3757 613 3813 In
635 3757 733 3815 Fnsro
754 3773 847 3815 ouius
870 3757 1044 3815 utronno.

271 3836 504 3912 Responsoriunc.

271 3931 331 3989 Vir
338 3933 459 3991 inclitus
467 3933 518 4005 N„
529 3938 643 4009 martyr
651 3932 775 3989 Domini
783 3934 937 4010 protiosus,
947 3954 1101 3993 succensus
1111 3935 1179 4012 igne
1193 3936 1288 3993 divini
1302 3940 1412 3997 amoris

210 4035 378 4088 constanter
400 4032 544 4088 sustinuit
565 4031 708 4107 supplicis
729 4031 880 4106 passionis,
906 4034 946 4090 Et
968 4053 1021 4109 pcr
1044 4034 1262 4092 immanitatem
1284 4043 1413 4094 tormon-

209 4130 308 4184 torum
322 4127 457 4202 pervenit
470 4127 508 4183 ad
521 4127 690 4184 societatem
704 4126 881 4202 augelorum.

270 4220 312 4278 Iu
326 4230 447 4297 tempore
461 4222 600 4280 Posclioli
609 4247 618 4282 :
639 4223 788 4298 Alleluya.

270 4317 362 4392 Cujus
382 4319 551 4377 intercessio
572 4320 657 4377 nobis
678 4320 811 4377 obtinent
824 4322 951 4393 veniam,
967 4322 1019 4399 qui
1033 4341 1086 4398 pcr
1099 4330 1249 4382 tormento
1267 4325 1413 4400 passionis

208 4417 348 4470 oeternum
362 4415 472 4471 meruit
485 4415 615 4491 palmum
626 4422 656 4474 ct
670 4417 879 4493 sempiternum
893 4437 1038 4477 coronam.
1067 4420 1172 4497 Elpei·
1182 4422 1409 4483 immanitatem.
