3022 4966
447 336 790 402 Manuateaducuni
803 335 940 404 Sanam
1240 344 1300 404 45·

95 522 275 582 quaesumus,
290 509 326 561 ut
339 502 417 560 hunc
431 501 576 559 famulum
589 507 676 559 tuum
689 501 729 558 N.
740 522 828 578 quem
842 502 874 560 in
887 502 1007 560 nomine
1020 502 1186 561 tuovisitat
1199 510 1300 562 nostre

95 583 251 661 fragilitas,
268 588 390 640 exorata
411 582 563 641 medicinae
580 588 640 639 tuae
662 582 775 639 medela
795 582 884 640 citius
908 583 1031 640 sanitati
1051 583 1198 642 restituat.
1241 583 1301 643 Per

98 664 260 722 Christum.

160 744 293 802 Oremus
337 741 446 801 Oratio.

161 823 355 899 Omnipotens
368 823 545 899 sempiterne
559 821 650 895 Dens,
665 821 719 898 qui
732 821 880 895 subvenis,
894 831 921 880 et
935 830 1025 881 cetera
1037 832 1072 880 ut
1086 843 1186 900 supra
1201 843 1228 900 p.
1250 824 1298 884 46.

162 903 295 961 Oramus

161 982 280 1040 Exaudi
304 1001 366 1054 nos,
390 982 576 1057 omnipotens
597 988 629 1040 et
649 982 815 1040 misericors
836 982 928 1054 Deus,
941 989 973 1041 et
992 983 1193 1041 visitationem
1216 990 1301 1042 tuam

99 1063 234 1122 conferre
258 1062 386 1138 digneris
408 1082 498 1139 anper
519 1062 599 1119 hunc
623 1061 766 1119 famulum
791 1068 876 1120 tuum
904 1063 943 1120 N.
965 1081 1054 1138 quem
1074 1062 1191 1121 diversa
1210 1071 1302 1122 vexat

99 1143 267 1201 infirmitas
324 1142 426 1201 Visite
453 1161 529 1214 eum,
555 1142 692 1212 Domine,
720 1143 797 1200 sicut
823 1143 946 1200 visitare
972 1142 1112 1218 dignatus
1135 1163 1166 1201 es
1186 1163 1302 1201 socrum

102 1223 196 1295 Petri,
229 1241 412 1299 puerumque
443 1223 633 1294 centurionis,
661 1229 692 1279 et
723 1222 847 1280 Tobiam
881 1229 913 1280 et
946 1223 1049 1280 Sarum
1083 1243 1137 1299 per
1166 1229 1301 1282 sanctum

100 1303 239 1380 angelum
263 1310 350 1360 tuum
370 1302 560 1380 Raphaelem
603 1302 742 1360 Restitue
763 1302 853 1375 ineo,
871 1303 1008 1373 Domine,
1023 1304 1180 1378 pristinam
1194 1303 1302 1362 sanita-

101 1393 182 1442 tem:
203 1390 239 1441 ut
259 1390 408 1440 mereatur
427 1384 459 1439 in
480 1383 557 1439 atrio
570 1382 675 1440 domus
695 1389 755 1440 tuse
773 1383 879 1453 dicere,
901 1383 1056 1459 Castigaus
1073 1384 1230 1460 castigavit
1253 1403 1302 1443 mc

102 1464 259 1535 Dominus,
282 1469 313 1521 et
336 1463 427 1520 morti
451 1482 511 1519 uon
533 1463 657 1520 tradidit
677 1482 732 1520 me.
775 1464 914 1521 Salvator
934 1463 1047 1535 mundi,
1068 1464 1128 1533 Qui
1148 1484 1216 1522 cum
1236 1464 1303 1522 Dco

104 1545 202 1614 Patre,
228 1552 259 1601 et
287 1544 401 1620 Spiritu
426 1543 534 1600 Sancto
557 1542 635 1600 vivis
661 1549 693 1601 et
720 1562 824 1620 regnas
852 1544 943 1602 Deus.
995 1544 1055 1601 Per
1078 1545 1177 1602 omnia
1197 1545 1303 1602 saecula

102 1625 282 1683 saeculorum.
325 1625 434 1682 Amen.

163 1704 273 1763 Oratio.
316 1705 406 1775 Deus,
421 1703 474 1779 qui
491 1702 603 1759 famulo
616 1709 669 1760 tuo
683 1703 824 1775 Ezechiae,
839 1712 865 1760 et
878 1713 970 1762 cetera
983 1712 1017 1760 ut
1030 1724 1130 1780 supra,
1144 1725 1173 1780 p.
1191 1704 1237 1762 46.

164 1786 273 1843 Oratio.
316 1784 449 1859 Respice,
475 1801 651 1858 quesumus,
676 1781 812 1854 Domine,
834 1782 978 1840 famulum
1003 1789 1098 1856 tuum,
1112 1793 1138 1842 et
1158 1793 1248 1843 cetera
1267 1794 1303 1843 at

103 1885 137 1920 su
175 1886 201 1936 a,
239 1863 308 1921 alt.

135 1884 275 2002 prOrdiio.
318 1942 410 2013 Deus,
425 1941 478 2016 qui
490 1940 612 1997 facturae
627 1947 696 2011 tuae,
711 1948 737 1996 et
751 1949 842 1998 cetera
855 1950 889 1997 ut
903 1961 1003 2014 supra,
1016 1961 1044 2016 p.
1061 1941 1108 1999 tt.

166 2023 275 2081 Oratio.
318 2022 480 2077 Virtutum
493 2018 654 2077 celestium
668 2018 759 2090 Deus,
774 2028 800 2077 et
814 2028 903 2077 cetera
917 2029 1065 2095 utsupra,
1080 2040 1107 2097 p.
1125 2022 1172 2079 tt.

169 2101 279 2159 Oratio.

166 2179 303 2250 Domine,
332 2184 432 2236 sancte
459 2179 559 2249 Pater,
581 2177 772 2253 omnipotens
786 2183 896 2234 aeterne
920 2177 1012 2250 Deus,
1036 2179 1089 2254 qui
1113 2179 1304 2256 fragilitatem

107 2259 283 2317 conditionis
297 2259 443 2330 humanae,
458 2266 483 2316 et
497 2266 587 2315 catera
599 2265 748 2331 utsupra,
762 2275 790 2331 p.
806 2258 854 2316 tt.

167 2339 301 2397 Oremus.
339 2338 448 2396 Oratio.
485 2336 620 2412 Respice,
631 2335 768 2407 Domine,
780 2335 817 2393 de
830 2335 1046 2407 caelo,eteetera
1058 2346 1093 2394 ut
1106 2359 1207 2414 supra,
1217 2361 1245 2415 p.
1256 2342 1303 2400 41.

165 2417 297 2477 *Deinde
309 2418 489 2494 priusquam
506 2423 640 2491 uraqatur
656 2415 802 2490 influant,
820 2425 874 2473 aut
892 2417 1126 2490 eanmunicetur,
1146 2419 1306 2479 estimetur

105 2520 171 2558 cuna
184 2499 324 2558 Sacerdos
336 2498 389 2556 iaec
402 2499 502 2557 mado:

167 2580 274 2637 Frater
294 2578 463 2637 carissime:
494 2576 615 2636 Gratias
634 2595 688 2652 age
708 2576 907 2652 omnipotenti
930 2574 996 2633 Deo
1022 2596 1076 2652 pro
1099 2578 1244 2637 universis
1264 2579 1307 2660 ›1‹

104 2660 252 2718 beneficiis
262 2661 332 2732 suis,
347 2659 496 2735 patienter
508 2663 539 2716 et
552 2657 848 2734 benignesuscipiens
860 2656 1066 2714 infirmitatem
1080 2659 1208 2734 corporis
1218 2679 1307 2736 quam

105 2741 163 2798 tibi
183 2740 265 2797 Deus
285 2739 431 2796 immisit:
454 2757 524 2795 nam
547 2737 574 2795 ai
592 2737 687 2814 ipsam
706 2736 860 2794 humiliter
879 2737 943 2794 sinc
961 2756 1112 2794 murmure
1125 2737 1305 2815 toleraveris,

106 2820 198 2878 infert
208 2821 313 2877 animae
327 2827 388 2877 tuse
402 2818 566 2876 maximum
579 2818 734 2894 praemium
752 2823 783 2874 et
800 2817 935 2874 salutem.
978 2817 1029 2890 Et,
1044 2818 1137 2875 frater
1149 2818 1305 2896 carissime,

107 2902 177 2976 quia
191 2901 270 2957 viam
283 2900 429 2957 universae
442 2899 539 2956 caruis
551 2898 735 2972 ingressurus
748 2916 787 2969 es,
803 2903 866 2954 esto
879 2897 982 2955 firmus
995 2898 1028 2954 in
1047 2898 1110 2955 fide.
1153 2899 1213 2969 Qui
1226 2902 1306 2960 enim

107 2999 168 3037 non
185 2986 230 3038 est
247 2980 350 3037 firmus
368 2980 402 3036 in
422 2978 489 3049 fide,
504 2977 632 3035 infidelis
649 2983 714 3034 est:
735 2982 767 3035 et
784 2977 848 3035 sinc
865 2977 923 3035 fide
941 2978 1121 3054 impossibile
1135 2986 1180 3037 est
1192 2981 1307 3057 placere

109 3061 181 3119 Dec.
224 3060 266 3117 Et
286 3060 352 3117 ideo
375 3058 401 3115 si
424 3059 523 3115 salvus
543 3076 605 3114 esse
626 3056 763 3128 volneris,
778 3063 848 3115 ante
869 3058 970 3115 omnia
988 3078 1062 3135 opus
1083 3065 1129 3116 cst
1149 3066 1186 3117 ut
1205 3068 1306 3122 teneas

109 3139 291 3198 Catholicam
304 3139 407 3196 fidem:
431 3157 520 3214 quam
533 3138 592 3194 nisi
606 3137 754 3214 integram
764 3137 997 3214 inviolatamque
1010 3140 1181 3212 servaveris,
1196 3142 1306 3219 absque

109 3220 199 3277 dubio
212 3220 246 3276 iu
259 3227 398 3276 aeternam
412 3218 529 3295 peribis.

168 3299 281 3357 Deinde
303 3299 411 3357 bonum
433 3306 459 3355 ct
479 3297 562 3355 ratde
581 3296 731 3371 expediens
751 3305 791 3353 est
810 3304 845 3352 ut
865 3296 1005 3360 Sacerdos
1023 3298 1167 3373 eapnmat
1189 3299 1307 3372 infirmo

109 3398 184 3455 arip.
210 3379 349 3436 articulos
363 3376 458 3451 fidei:
492 3395 617 3449 quorum
640 3375 688 3448 cij.
709 3375 805 3449 priori
828 3375 870 3432 ad
892 3377 1062 3450 rnysterium
1088 3377 1252 3448 Trinitatis,
1280 3388 1308 3437 et

110 3458 158 3533 aij
177 3459 232 3516 aiii
250 3459 290 3516 ad
309 3457 421 3516 Claristi
439 3454 652 3511 laurnanitatern
664 3454 812 3527 pertinent
823 3477 833 3512 .·
853 3463 887 3509 ut
911 3457 937 3511 ei
948 3454 1032 3528 sorte
1048 3457 1139 3530 priua
1156 3456 1190 3511 in
1207 3456 1306 3530 almae

109 3540 242 3614 ipsarum
255 3536 402 3606 erraverit,
418 3533 593 3604 titubaverit,
608 3531 653 3589 ccl
665 3530 885 3605 dubiussuerit,
901 3542 969 3590 ante
982 3542 1109 3605 inertem,
1125 3535 1199 3591 diam
1212 3536 1307 3594 adduc

109 3617 232 3693 spiritua
244 3617 349 3675 unitata
362 3623 401 3673 est
415 3613 508 3686 carni,
520 3613 560 3670 ad
572 3612 666 3687 fidem
679 3609 804 3667 solidant
823 3611 982 3667 reducatur
995 3632 1008 3680 ,·
1028 3621 1054 3669 et
1064 3621 1156 3686 potest
1169 3615 1308 3674 Sacerdos

108 3697 201 3757 dicere
214 3698 275 3757 sic:

173 3777 260 3836 Fides
274 3783 374 3834 autem
389 3772 542 3832 Catholica
555 3772 617 3829 haec
630 3776 683 3842 cst,
700 3770 798 3830 frater.

173 3937 190 3967 *
211 3937 273 3995 The
295 3935 362 3992 MS.
382 3933 471 3990 omits
492 3933 532 3990 all
552 3932 619 3989 that
640 3928 753 3987 follows
773 3935 805 3986 to
826 3929 878 3986 the
898 3947 1011 4004 prayer,
1033 3930 1115 3988 Deus
1135 3932 1306 4006 misericors,

114 4022 197 4077 Deus
214 4018 351 4086 clemens,
372 4033 400 4089 p.
418 4014 465 4084 48,
488 4012 547 4069 and
571 4012 624 4068 has
648 4009 709 4067 this
732 4009 848 4066 rubrio:
878 4009 936 4066 His
959 4010 1045 4067 (lictu
1066 4011 1244 4086 priusqrrana
1263 4013 1309 4072 in·

113 4107 246 4174 armatur
264 4098 401 4170 uestraene
421 4101 475 4150 aut
492 4091 726 4162 corrirnunicetur‚
741 4091 894 4164 interropet
912 4110 975 4146 curn
995 4089 1133 4148 Sacerdos
1150 4111 1206 4165 quo
1224 4092 1308 4152 mado

114 4179 204 4237 credit
227 4178 262 4234 in
285 4176 382 4232 Deum
406 4182 431 4230 ct
455 4173 481 4229 si
504 4170 675 4248 reccanoscit
699 4191 803 4247 corpus
826 4180 851 4227 et
876 4170 1047 4243 sanquinem
1070 4170 1194 4227 Domini
1215 4173 1310 4230 nestri

113 4259 187 4318 Jesu
202 4255 332 4317 Christi:
349 4263 448 4329 postea
466 4272 530 4310 cero
552 4254 727 4325 confiteatur,
743 4261 768 4309 et
782 4251 817 4308 ab
832 4250 964 4308 crinibus
979 4249 1105 4324 peccatis
1124 4251 1309 4313 abiciantur:

118 4360 176 4415 arro
188 4336 272 4412 sacto
295 4334 437 4393 occantur
457 4351 576 4401 aucant,
599 4329 702 4387 deinde
722 4331 910 4399 Sacerdotem,
930 4338 956 4387 et
971 4338 1072 4404 postea
1092 4351 1188 4391 carnes
1207 4341 1309 4393 ceteros

112 4417 318 4495 perordinem.
363 4413 411 4489 Ofi
427 4411 565 4482 Maskcll,
581 4410 662 4468 Mon.
680 4408 752 4482 Ru,
768 4411 797 4482 i.‚
814 4413 829 4468 i
835 4411 860 4467 3.
