3022 4966
404 318 492 386 Ordo
503 315 561 382 ‘ad
576 313 743 402 faciendo
763 311 956 401 sponsalia.
1241 311 1284 382 37

71 504 153 563 dicta
174 504 253 581 ipsos
274 501 427 562 absolvere
440 521 474 561 ac
488 520 577 578 super
596 499 786 558 exsecutione
800 496 939 555 ordinum
960 500 992 553 et
1010 492 1178 553 retentione
1197 493 1284 554 bene-

72 601 208 659 ficiorum
220 598 393 677 hujusmodi
405 617 473 657 cum
486 596 529 656 eis
542 585 665 655 valeant
676 595 758 653 licite
772 594 950 671 dispensare.

133 696 193 755 Hic
209 696 303 772 queri
318 704 413 773 potest
432 714 524 772 quere
543 694 677 753 munder
696 692 808 769 nuptia
826 711 888 750 non
907 689 1123 750 benedicamur.
1166 688 1217 746 Ad
1230 688 1284 749 hoc

70 794 138 854 dieo
158 793 237 868 quod
257 794 419 852 emundent
440 791 665 850 matrineoniwn
686 789 918 867 permodicae
938 787 1153 847 wneideratum
1166 785 1205 844 eit
1213 806 1282 862 per·

60 888 180 966 sectum
202 898 427 965 auctmentum,
452 897 550 947 nmen
572 888 608 946 in
631 887 735 946 ordine
758 887 800 944 ad
816 884 954 962 primum
973 892 1190 943 tenementum
1213 904 1280 943 con·

67 985 233 1045 εἰᾶοταιιωη
252 984 371 1061 aliqum
390 983 474 1043 hahet
493 986 529 1044 de
548 983 664 1061 desecta
682 983 868 1054 sacranwnti,
885 981 958 1058 quin
978 1001 1039 1040 noa
1058 980 1142 1040 hebet
1157 980 1281 1057 plenam

68 1082 321 1158 n’pnijicctioncm²
340 1102 408 1141 cum
429 1102 489 1141 non
510 1083 550 1140 sit
571 1103 636 1140 nnn
654 1082 748 1140 unius
768 1080 941 1139 calenicus
961 1079 1065 1150 anim,
1085 1079 1161 1137 sicea
1182 1088 1223 1137 est
1244 1080 1280 1139 ire

68 1180 259 1240 mmmm
282 1178 397 1240 Christi
417 1188 445 1238 et
466 1177 621 1249 Ecclesioe;
648 1187 675 1237 ct
694 1177 808 1236 ratione
828 1175 920 1253 hujus
939 1175 1068 1250 desectus
1087 1175 1245 1235 benedictio
1259 1197 1280 1235 a

66 1277 204 1337 mundis
216 1277 332 1353 nuptiis
344 1276 533 1336 subtrahitur.
576 1274 635 1335 Sed
647 1275 700 1335 hoc
713 1284 754 1334 est
766 1273 996 1349 intelliqenduot
1012 1272 1132 1349 wado
1145 1275 1279 1335 eecuttdoe

67 1375 181 1452 nitptioe
193 1383 264 1433 auat
276 1375 410 1434 monades
429 1394 464 1434 ec
478 1381 566 1450 parte
579 1373 639 1431 oiri
651 1381 678 1431 et
691 1392 726 1431 cc
740 1381 828 1449 porte
847 1371 991 1445 malurn,
1006 1371 1051 1429 vei
1069 1390 1103 1430 esc
1118 1379 1206 1447 parte
1219 1371 1280 1430 oiri

65 1471 255 1532 animatione
268 1480 393 1531 tentum.
436 1470 472 1530 Si
484 1490 549 1530 vero
569 1470 650 1546 cirpo
671 1469 824 1530 contrairet
843 1489 910 1528 cum
930 1469 981 1528 illo
1002 1469 1056 1545 qai
1073 1469 1162 1545 prius
1174 1467 1279 1528 hebuit

66 1569 161 1628 altem
184 1589 304 1629 uxorem
329 1568 525 1628 nihilerminue
550 1567 663 1643 nuptiis
690 1566 907 1629 haudicurtem
958 1566 1102 1627 Salvator
1125 1575 1153 1625 ct
1176 1566 1278 1642 atiquo

66 1668 152 1727 modo
171 1668 348 1744 siqnichotio
372 1676 398 1726 et
421 1666 456 1726 in
476 1665 579 1726 ordine
599 1664 642 1723 cd
654 1666 774 1741 primas
793 1666 924 1743 nuptiae,
939 1666 1013 1742 quen
1027 1664 1191 1742 Episcopus
1209 1674 1236 1723 et
1249 1663 1279 1724 ai

65 1784 160 1824 eneam
170 1765 330 1824 It'ccleeiom
342 1763 445 1823 haheat
458 1782 604 1839 mmmm,
619 1761 703 1821 tates
717 1771 814 1822 wrcen
822 1764 926 1840 pluree
933 1782 1077 1839 peractam
1089 1764 1291 1839 decpmnatce‘

64 1862 100 1921 in
112 1882 178 1921 nac
188 1862 326 1922 Eccleeia.
354 1861 413 1921 Sed
426 1861 531 1919 carnee
543 1879 605 1918 non
612 1869 706 1936 potest
720 1880 777 1919 ecee
790 1880 897 1937 monac
911 1861 1035 1920 aiterim
1047 1881 1137 1936 quam
1149 1860 1279 1922 Christi:

64 1960 138 2033 quia
151 1979 219 2018 cum
239 1961 367 2018 danem
371 1958 555 2033 fornicatur,
570 1977 622 2016 nec
639 1965 679 2015 eat
692 1958 918 2017 matrisnonium
934 1958 1098 2035 epiritnale,
1117 1967 1144 2017 et
1156 1967 1278 2035 propter

63 2056 116 2115 hoc
134 2057 256 2132 quomo
275 2055 384 2113 maiar
402 2054 527 2113 cenando
545 2053 639 2124 nubit,
654 2055 766 2129 nuptia
785 2074 847 2115 non
866 2055 1081 2116 benedicenter
1091 2064 1214 2131 propter
1230 2055 1276 2114 de·

56 2153 173 2228 j‘eotenn
187 2151 372 2210 sacramenti.

126 2247 193 2305 Istc
206 2247 301 2304 oratio
314 2245 421 2304 scilicet
434 2243 612 2320 Propitinre,
627 2244 742 2302 dicetur
754 2245 817 2305 sine
830 2246 966 2306 Oramus.

129 2343 241 2401 Oratio.

125 2439 303 2516 Propitiare‚
318 2437 457 2511 Domine,
468 2436 735 2514 supplicationibus
747 2439 866 2513 noenia,
880 2444 913 2498 et
925 2437 1076 2497 institutis
1089 2438 1151 2498 tuis
1164 2438 1274 2516 quibus

62 2535 307 2615 propagationem
330 2535 455 2593 hnmani
475 2535 592 2613 generis
614 2535 761 2596 ordinasti
782 2537 928 2615 benignus
949 2537 1073 2611 assiste;
1092 2544 1129 2596 nt
1148 2537 1229 2615 quod
1242 2543 1274 2598 te

61 2639 184 2692 auctore
206 2633 358 2710 jungitur,
386 2637 419 2691 te
445 2633 613 2693 auxiliante
640 2640 783 2693 servetur.
836 2634 896 2694 Per
923 2633 1078 2694 Christum
1106 2635 1272 2695 Dominum

62 2736 208 2788 nostrum
711 2740 715 2747 '

64 2840 68 2848 “
124 2827 236 2889 Oratio.
261 2828 418 2887 20remus.

122 2925 215 2997 Deus,
226 2924 279 3002 qui
292 2931 439 3002 potestate
448 2923 573 2982 virtutis
586 2930 646 2983 tuoe
656 2923 693 2983 de
702 2924 799 2984 nihilo
813 2932 921 2985 cuncta
933 2925 1040 2999 fecisti,
1052 2927 1106 3004 qui
1119 2926 1270 3005 dispositis

60 3023 265 3082 universitatis
288 3023 418 3082 exordiis
430 3021 554 3080 'homini
573 3021 612 3080 ad
631 3021 791 3100 imaginem
816 3020 874 3081 Dei
887 3022 966 3081 facto
985 3022 1053 3081 ideo
1073 3023 1269 3102 inseparabile

60 3119 194 3178 mulieris
214 3119 397 3196 adjutorium
417 3119 577 3179 condidisti
585 3139 595 3192 ;
615 3127 650 3178 nt
663 3119 791 3179 femineo
807 3120 923 3198 corpori
936 3121 974 3179 de
986 3120 1068 3179 virili
1082 3122 1167 3180 dares
1181 3140 1269 3180 cerne

60 3217 249 3295 principium,
275 3216 382 3276 docens
410 3216 490 3294 qnod
517 3236 556 3275 ex
578 3236 639 3276 uno
666 3217 826 3294 placuisset
852 3217 973 3275 institui
1000 3237 1156 3294 nunquam
1179 3216 1269 3277 licere

60 3315 210 3391 disjungi:
232 3314 292 3372 Hic
306 3314 413 3390 incipit
426 3314 582 3375 bendictio
595 3315 823 3375 mercntentahh.
868 3315 959 3389 Deus,
971 3317 1096 3392 quitum
1111 3316 1269 3374 excellenti

59 3410 204 3493 mysterio
224 3409 409 3486 conjugalem
427 3411 563 3488 copulam
584 3412 770 3482 consecrasti,
785 3415 822 3468 nt
838 3409 953 3470 Christi
972 3419 1004 3470 et
1024 3412 1161 3471 Ecclesiae
1175 3431 1269 3472 sacra·

58 3516 197 3567 mentum
217 3509 409 3586 presignares
431 3508 465 3565 in
486 3507 592 3565 faedere
610 3507 803 3583 nuptiarum:
831 3505 892 3565 Hic
903 3507 980 3583 finit
1000 3508 1153 3567 benedicten
1172 3528 1268 3568 sacre

58 3605 203 3665 menmlta
245 3605 337 3679 Deus,
352 3624 506 3683 perquem
523 3606 632 3663 mulier
641 3604 781 3681 jungitur
794 3603 860 3660 viro
879 3607 911 3659 et
925 3600 1050 3658 societas
1063 3599 1268 3677 principaliter

57 3702 197 3762 ordinata
216 3721 252 3760 ee
270 3703 475 3762 benedictione
497 3701 634 3773 donatur,
656 3719 723 3777 quae
746 3699 810 3757 sola
829 3717 884 3757 nec
906 3717 960 3775 per
981 3696 1132 3774 originalis
1154 3699 1268 3774 peceati

56 3820 174 3880 pennam
197 3820 252 3859 neo
275 3820 329 3877 per
348 3800 456 3859 diluvii
475 3804 521 3857 est
545 3798 645 3856 ablata
665 3795 864 3856 sententiam:
899 3796 959 3855 Hic
977 3795 1114 3872 respiciat
1126 3794 1267 3861 Sacerdos

54 3899 216 3958 mulieres.
259 3897 385 3974 Respice
405 3897 551 3973 propitius
572 3916 660 3973 super
680 3894 758 3953 hano
779 3895 921 3954 famulam
939 3900 1033 3968 mam,
1049 3914 1115 3972 quse
1134 3897 1267 3958 maritali

49 3995 208 4073 jungenda
221 4001 267 4053 est
279 3994 437 4065 consortio,
450 3993 504 4072 (et)
516 4000 570 4051 tua
583 4012 615 4051 se
635 3992 750 4070 expetit
763 3993 946 4070 protectione
959 3993 1079 4052 muniri
1123 3993 1171 4053 Sit
1183 3993 1217 4052 in
1230 4014 1267 4055 oa

50 4088 159 4169 jugum
175 4090 344 4149 dilectionis
353 4098 385 4148 et
394 4090 492 4167 pacis:
513 4089 608 4148 fidelis
621 4093 653 4148 et
666 4097 746 4149 casta
759 4091 856 4149 nubat
867 4090 900 4149 in
915 4089 1043 4165 Christo,
1055 4091 1265 4170 imitatrixque

54 4194 226 4246 sanctarum
260 4194 431 4262 permaneat
450 4170 671 4246 ¹heminarum:
705 4187 745 4246 sit
778 4188 923 4259 amabilis,
958 4193 994 4245 nt
1027 4187 1151 4263 Rachel,
1177 4191 1245 4249 viro
1255 4211 1265 4267 ;

54 4284 182 4360 sapiens,
196 4291 233 4341 ut
246 4284 398 4355 Rebecca;
418 4282 553 4362 longaeva
566 4291 598 4343 et
611 4285 714 4357 fidelis,
725 4292 761 4343 ut
775 4285 856 4343 Sara.
900 4285 986 4343 Nihil
1002 4285 1034 4342 in
1048 4304 1082 4343 ea
1096 4286 1264 4345 exactibus

54 4382 116 4440 suis
136 4381 188 4439 ille
208 4387 313 4440 auctor
332 4379 585 4457 prevaricationis
605 4386 736 4457 usurpet.
780 4380 869 4441 Nexa
888 4380 958 4439 fidei
977 4379 1183 4457 mandatisque
1201 4400 1264 4458 pcr-
