<?xml version="1.0" encoding="UTF-8"?>
<!DOCTYPE html PUBLIC "-//W3C//DTD XHTML 1.0 Transitional//EN"
    "http://www.w3.org/TR/xhtml1/DTD/xhtml1-transitional.dtd">
<html xmlns="http://www.w3.org/1999/xhtml" xml:lang="en" lang="en">
 <head>
  <title>
</title>
<meta http-equiv="Content-Type" content="text/html;charset=utf-8" />
  <meta name='ocr-system' content='tesseract 3.04.00' />
  <meta name='ocr-capabilities' content='ocr_page ocr_carea ocr_par ocr_line ocrx_word'/>
</head>
<body>
  <div class='ocr_page' id='page_1' title='image "./manualeetproces00minsgoog_0084.png"; bbox 0 0 3022 4966; ppageno 0'>
   <div class='ocr_carea' id='block_1_1' title="bbox 609 361 1360 431">
    <p class='ocr_par' dir='ltr' id='par_1_1' title="bbox 609 361 1360 431">
     <span class='ocr_line' id='line_1_1' title="bbox 609 361 1360 431; baseline 0.003 -3"><span class='ocrx_word' id='word_1_1' title='bbox 609 361 727 430; x_wconf 67' lang='lat' dir='ltr'><strong>Ursatio</strong></span> <span class='ocrx_word' id='word_1_2' title='bbox 750 362 919 428; x_wconf 76' lang='lat' dir='ltr'><strong>Extrema.</strong></span> <span class='ocrx_word' id='word_1_3' title='bbox 970 373 972 377; x_wconf 76' lang='grc'>’</span> <span class='ocrx_word' id='word_1_4' title='bbox 1001 384 1007 395; x_wconf 88' lang='lat'><strong>·</strong></span> <span class='ocrx_word' id='word_1_5' title='bbox 1318 363 1360 431; x_wconf 75' lang='lat'><strong>⁶1</strong></span> 
     </span>
    </p>
   </div>
   <div class='ocr_carea' id='block_1_2' title="bbox 146 544 1368 4508">
    <p class='ocr_par' dir='ltr' id='par_1_2' title="bbox 148 544 1368 723">
     <span class='ocr_line' id='line_1_2' title="bbox 148 544 1368 628; baseline 0.001 -23"><span class='ocrx_word' id='word_1_6' title='bbox 148 567 206 628; x_wconf 85' lang='lat' dir='ltr'><strong>per</strong></span> <span class='ocrx_word' id='word_1_7' title='bbox 219 546 459 607; x_wconf 74' lang='lat' dir='ltr'><strong>intercessionem</strong></span> <span class='ocrx_word' id='word_1_8' title='bbox 469 546 563 606; x_wconf 85' lang='lat' dir='ltr'><strong>beatae</strong></span> <span class='ocrx_word' id='word_1_9' title='bbox 577 545 683 605; x_wconf 81' lang='lat' dir='ltr'><strong>Maria</strong></span> <span class='ocrx_word' id='word_1_10' title='bbox 696 546 821 624; x_wconf 81' lang='lat' dir='ltr'><strong>virginis</strong></span> <span class='ocrx_word' id='word_1_11' title='bbox 831 551 863 604; x_wconf 89' lang='lat' dir='ltr'><strong>et</strong></span> <span class='ocrx_word' id='word_1_12' title='bbox 873 544 1008 604; x_wconf 89' lang='lat' dir='ltr'><strong>omnium</strong></span> <span class='ocrx_word' id='word_1_13' title='bbox 1022 550 1202 617; x_wconf 88' lang='lat' dir='ltr'><strong>sanctornm,</strong></span> <span class='ocrx_word' id='word_1_14' title='bbox 1213 544 1368 625; x_wconf 77' lang='lat' dir='ltr'><strong>indulgeat</strong></span> 
     </span>
     <span class='ocr_line' id='line_1_3' title="bbox 149 644 1235 723; baseline 0 -19"><span class='ocrx_word' id='word_1_15' title='bbox 149 646 211 705; x_wconf 87' lang='lat' dir='ltr'><strong>tibi</strong></span> <span class='ocrx_word' id='word_1_16' title='bbox 225 647 373 704; x_wconf 77' lang='lat' dir='ltr'>Dominus</span> <span class='ocrx_word' id='word_1_17' title='bbox 387 645 529 723; x_wconf 92' lang='lat' dir='ltr'><strong>quicquid</strong></span> <span class='ocrx_word' id='word_1_18' title='bbox 541 646 668 723; x_wconf 87' lang='lat' dir='ltr'><strong>peccasti</strong></span> <span class='ocrx_word' id='word_1_19' title='bbox 682 664 735 723; x_wconf 88' lang='lat' dir='ltr'><strong>per</strong></span> <span class='ocrx_word' id='word_1_20' title='bbox 747 645 867 703; x_wconf 81' lang='lat' dir='ltr'><strong>illicitas</strong></span> <span class='ocrx_word' id='word_1_21' title='bbox 880 644 1083 722; x_wconf 82' lang='lat' dir='ltr'><strong>cogitationes.</strong></span> <span class='ocrx_word' id='word_1_22' title='bbox 1125 645 1235 704; x_wconf 84' lang='lat' dir='ltr'><strong>Amen.</strong></span> 
     </span>
    </p>

    <p class='ocr_par' dir='ltr' id='par_1_3' title="bbox 213 742 638 820">
     <span class='ocr_line' id='line_1_4' title="bbox 213 742 638 820; baseline -0.007 -17"><span class='ocrx_word' id='word_1_23' title='bbox 213 743 311 820; x_wconf 80' lang='lat' dir='ltr'><strong>Super</strong></span> <span class='ocrx_word' id='word_1_24' title='bbox 323 743 504 816; x_wconf 77' lang='lat' dir='ltr'><strong>umbilicum,</strong></span> <span class='ocrx_word' id='word_1_25' title='bbox 518 742 618 801; x_wconf 78' lang='lat' dir='ltr'><strong>diceres</strong></span> <span class='ocrx_word' id='word_1_26' title='bbox 627 766 638 802; x_wconf 86' lang='lat'><strong>.·</strong></span> 
     </span>
    </p>

    <p class='ocr_par' dir='ltr' id='par_1_4' title="bbox 150 836 1367 1112">
     <span class='ocr_line' id='line_1_5' title="bbox 215 836 1366 918; baseline 0.001 -21"><span class='ocrx_word' id='word_1_27' title='bbox 215 839 275 898; x_wconf 89' lang='lat' dir='ltr'><strong>Per</strong></span> <span class='ocrx_word' id='word_1_28' title='bbox 294 840 384 897; x_wconf 89' lang='lat' dir='ltr'><strong>istam</strong></span> <span class='ocrx_word' id='word_1_29' title='bbox 397 846 531 897; x_wconf 86' lang='lat' dir='ltr'><strong>sanctam</strong></span> <span class='ocrx_word' id='word_1_30' title='bbox 545 836 757 918; x_wconf 53' lang='lat' dir='ltr'><strong>unoffitionem</strong></span> <span class='ocrx_word' id='word_1_31' title='bbox 771 845 802 897; x_wconf 89' lang='lat' dir='ltr'><strong>et</strong></span> <span class='ocrx_word' id='word_1_32' title='bbox 815 858 899 896; x_wconf 84' lang='lat' dir='ltr'><strong>suam</strong></span> <span class='ocrx_word' id='word_1_33' title='bbox 912 838 1075 915; x_wconf 85' lang='lat' dir='ltr'><strong>piissimam</strong></span> <span class='ocrx_word' id='word_1_34' title='bbox 1090 838 1321 898; x_wconf 82' lang='lat' dir='ltr'><strong>miscricordiam</strong></span> <span class='ocrx_word' id='word_1_35' title='bbox 1335 845 1366 900; x_wconf 84' lang='lat' dir='ltr'><strong>ot</strong></span> 
     </span>
     <span class='ocr_line' id='line_1_6' title="bbox 150 936 1367 1018; baseline -0.001 -22"><span class='ocrx_word' id='word_1_36' title='bbox 150 957 206 1018; x_wconf 86' lang='lat' dir='ltr'><strong>par</strong></span> <span class='ocrx_word' id='word_1_37' title='bbox 215 938 456 996; x_wconf 74' lang='lat' dir='ltr'><strong>intercessionem</strong></span> <span class='ocrx_word' id='word_1_38' title='bbox 466 938 559 995; x_wconf 85' lang='lat' dir='ltr'><strong>beatae</strong></span> <span class='ocrx_word' id='word_1_39' title='bbox 574 937 680 995; x_wconf 75' lang='lat' dir='ltr'><strong>Mariis</strong></span> <span class='ocrx_word' id='word_1_40' title='bbox 693 936 818 1014; x_wconf 82' lang='lat' dir='ltr'><strong>virginis</strong></span> <span class='ocrx_word' id='word_1_41' title='bbox 831 944 862 995; x_wconf 87' lang='lat' dir='ltr'><strong>et</strong></span> <span class='ocrx_word' id='word_1_42' title='bbox 875 937 1009 995; x_wconf 90' lang='lat' dir='ltr'><strong>omnium</strong></span> <span class='ocrx_word' id='word_1_43' title='bbox 1023 944 1203 1011; x_wconf 87' lang='lat' dir='ltr'><strong>sanctorum,</strong></span> <span class='ocrx_word' id='word_1_44' title='bbox 1213 936 1367 1015; x_wconf 77' lang='lat' dir='ltr'><strong>indulgeat</strong></span> 
     </span>
     <span class='ocr_line' id='line_1_7' title="bbox 150 1033 1192 1112; baseline -0.002 -17"><span class='ocrx_word' id='word_1_45' title='bbox 150 1036 211 1096; x_wconf 86' lang='lat' dir='ltr'><strong>tibi</strong></span> <span class='ocrx_word' id='word_1_46' title='bbox 225 1036 373 1094; x_wconf 89' lang='lat' dir='ltr'><strong>Dominus</strong></span> <span class='ocrx_word' id='word_1_47' title='bbox 386 1034 528 1112; x_wconf 87' lang='lat' dir='ltr'><strong>quicquid</strong></span> <span class='ocrx_word' id='word_1_48' title='bbox 541 1034 670 1111; x_wconf 67' lang='lat' dir='ltr'><strong>peocumi</strong></span> <span class='ocrx_word' id='word_1_49' title='bbox 682 1053 736 1110; x_wconf 87' lang='lat' dir='ltr'><strong>per</strong></span> <span class='ocrx_word' id='word_1_50' title='bbox 748 1033 883 1092; x_wconf 86' lang='lat' dir='ltr'><strong>ardorem</strong></span> <span class='ocrx_word' id='word_1_51' title='bbox 898 1033 1038 1092; x_wconf 76' lang='lat' dir='ltr'><strong>libidinis</strong></span> <span class='ocrx_word' id='word_1_52' title='bbox 1080 1034 1192 1093; x_wconf 79' lang='lat' dir='ltr'><strong>Amen.</strong></span> 
     </span>
    </p>

    <p class='ocr_par' dir='ltr' id='par_1_5' title="bbox 215 1131 542 1208">
     <span class='ocr_line' id='line_1_8' title="bbox 215 1131 542 1208; baseline -0.006 -16"><span class='ocrx_word' id='word_1_53' title='bbox 215 1132 374 1208; x_wconf 72' lang='lat' dir='ltr'><strong>Oompktio</strong></span> <span class='ocrx_word' id='word_1_54' title='bbox 387 1131 542 1190; x_wconf 68' lang='lat' dir='ltr'><strong>emtionis.</strong></span> 
     </span>
    </p>

    <p class='ocr_par' dir='ltr' id='par_1_6' title="bbox 148 1226 1365 1502">
     <span class='ocr_line' id='line_1_9' title="bbox 214 1226 1364 1304; baseline 0.001 -18"><span class='ocrx_word' id='word_1_55' title='bbox 214 1228 255 1287; x_wconf 89' lang='lat' dir='ltr'><strong>In</strong></span> <span class='ocrx_word' id='word_1_56' title='bbox 275 1229 393 1287; x_wconf 91' lang='lat' dir='ltr'><strong>nomine</strong></span> <span class='ocrx_word' id='word_1_57' title='bbox 413 1229 512 1287; x_wconf 84' lang='lat' dir='ltr'><strong>Patris</strong></span> <span class='ocrx_word' id='word_1_58' title='bbox 532 1234 563 1286; x_wconf 87' lang='lat' dir='ltr'><strong>et</strong></span> <span class='ocrx_word' id='word_1_59' title='bbox 583 1227 654 1286; x_wconf 85' lang='lat' dir='ltr'><strong>Filii</strong></span> <span class='ocrx_word' id='word_1_60' title='bbox 675 1233 706 1285; x_wconf 90' lang='lat' dir='ltr'><strong>et</strong></span> <span class='ocrx_word' id='word_1_61' title='bbox 727 1227 856 1304; x_wconf 74' lang='lat' dir='ltr'><strong>Spiritus</strong></span> <span class='ocrx_word' id='word_1_62' title='bbox 877 1226 980 1285; x_wconf 77' lang='lat' dir='ltr'><strong>Sancti</strong></span> <span class='ocrx_word' id='word_1_63' title='bbox 1000 1227 1041 1285; x_wconf 86' lang='lat' dir='ltr'><strong>sit</strong></span> <span class='ocrx_word' id='word_1_64' title='bbox 1060 1227 1117 1284; x_wconf 90' lang='lat' dir='ltr'><strong>tibi</strong></span> <span class='ocrx_word' id='word_1_65' title='bbox 1133 1226 1196 1286; x_wconf 86' lang='lat' dir='ltr'><strong>haec</strong></span> <span class='ocrx_word' id='word_1_66' title='bbox 1210 1228 1312 1287; x_wconf 90' lang='lat' dir='ltr'><strong>unctio</strong></span> <span class='ocrx_word' id='word_1_67' title='bbox 1325 1228 1364 1287; x_wconf 86' lang='lat' dir='ltr'><strong>ad</strong></span> 
     </span>
     <span class='ocr_line' id='line_1_10' title="bbox 151 1323 1365 1405; baseline 0 -21"><span class='ocrx_word' id='word_1_68' title='bbox 151 1325 390 1405; x_wconf 86' lang='lat' dir='ltr'><strong>purificationem</strong></span> <span class='ocrx_word' id='word_1_69' title='bbox 405 1326 557 1384; x_wconf 78' lang='lat' dir='ltr'><strong>mentiret</strong></span> <span class='ocrx_word' id='word_1_70' title='bbox 578 1325 709 1402; x_wconf 86' lang='lat' dir='ltr'><strong>corporis</strong></span> <span class='ocrx_word' id='word_1_71' title='bbox 722 1330 753 1383; x_wconf 90' lang='lat' dir='ltr'><strong>et</strong></span> <span class='ocrx_word' id='word_1_72' title='bbox 773 1324 811 1382; x_wconf 87' lang='lat' dir='ltr'><strong>ad</strong></span> <span class='ocrx_word' id='word_1_73' title='bbox 829 1324 984 1382; x_wconf 88' lang='lat' dir='ltr'><strong>munimen</strong></span> <span class='ocrx_word' id='word_1_74' title='bbox 1004 1329 1035 1382; x_wconf 91' lang='lat' dir='ltr'><strong>et</strong></span> <span class='ocrx_word' id='word_1_75' title='bbox 1048 1323 1246 1382; x_wconf 78' lang='lat' dir='ltr'><strong>defensionem</strong></span> <span class='ocrx_word' id='word_1_76' title='bbox 1261 1330 1365 1384; x_wconf 77' lang='lat' dir='ltr'><strong>contra</strong></span> 
     </span>
     <span class='ocr_line' id='line_1_11' title="bbox 148 1422 820 1502; baseline -0.006 -19"><span class='ocrx_word' id='word_1_77' title='bbox 148 1423 250 1502; x_wconf 84' lang='lat' dir='ltr'><strong>jacula</strong></span> <span class='ocrx_word' id='word_1_78' title='bbox 262 1423 485 1482; x_wconf 89' lang='lat' dir='ltr'><strong>immundorum</strong></span> <span class='ocrx_word' id='word_1_79' title='bbox 498 1423 668 1500; x_wconf 86' lang='lat' dir='ltr'><strong>spirituum.</strong></span> <span class='ocrx_word' id='word_1_80' title='bbox 710 1422 820 1482; x_wconf 81' lang='lat' dir='ltr'><strong>Amen.</strong></span> 
     </span>
    </p>

    <p class='ocr_par' dir='ltr' id='par_1_7' title="bbox 147 1517 1364 1776">
     <span class='ocr_line' id='line_1_12' title="bbox 212 1517 1364 1595; baseline -0.001 -15"><span class='ocrx_word' id='word_1_81' title='bbox 212 1519 353 1581; x_wconf 80' lang='lat' dir='ltr'><strong>Sacerdos</strong></span> <span class='ocrx_word' id='word_1_82' title='bbox 369 1521 444 1580; x_wconf 81' lang='lat' dir='ltr'><strong>lavet</strong></span> <span class='ocrx_word' id='word_1_83' title='bbox 465 1540 574 1579; x_wconf 78' lang='lat' dir='ltr'><strong>manas</strong></span> <span class='ocrx_word' id='word_1_84' title='bbox 594 1539 665 1579; x_wconf 83' lang='lat' dir='ltr'><strong>suas</strong></span> <span class='ocrx_word' id='word_1_85' title='bbox 679 1539 746 1579; x_wconf 83' lang='lat' dir='ltr'><strong>cam</strong></span> <span class='ocrx_word' id='word_1_86' title='bbox 759 1520 818 1578; x_wconf 80' lang='lat' dir='ltr'><strong>cale</strong></span> <span class='ocrx_word' id='word_1_87' title='bbox 832 1528 859 1578; x_wconf 85' lang='lat' dir='ltr'><strong>et</strong></span> <span class='ocrx_word' id='word_1_88' title='bbox 876 1539 958 1595; x_wconf 84' lang='lat' dir='ltr'><strong>aqua</strong></span> <span class='ocrx_word' id='word_1_89' title='bbox 977 1518 1012 1576; x_wconf 82' lang='lat' dir='ltr'><strong>ia</strong></span> <span class='ocrx_word' id='word_1_90' title='bbox 1032 1538 1098 1577; x_wconf 82' lang='lat' dir='ltr'><strong>case</strong></span> <span class='ocrx_word' id='word_1_91' title='bbox 1111 1538 1168 1594; x_wconf 79' lang='lat' dir='ltr'><strong>qao</strong></span> <span class='ocrx_word' id='word_1_92' title='bbox 1182 1527 1295 1595; x_wconf 65' lang='lat' dir='ltr'><strong>trappa</strong></span> <span class='ocrx_word' id='word_1_93' title='bbox 1308 1517 1364 1579; x_wconf 73' lang='lat' dir='ltr'><strong>oet</strong></span> 
     </span>
     <span class='ocr_line' id='line_1_13' title="bbox 147 1616 1363 1697; baseline -0.002 -18"><span class='ocrx_word' id='word_1_94' title='bbox 147 1629 304 1697; x_wconf 66' lang='lat' dir='ltr'><strong>muntia·</strong></span> <span class='ocrx_word' id='word_1_95' title='bbox 325 1640 392 1695; x_wconf 82' lang='lat' dir='ltr'><strong>qaae</strong></span> <span class='ocrx_word' id='word_1_96' title='bbox 412 1619 479 1696; x_wconf 70' lang='lat' dir='ltr'><strong>iane</strong></span> <span class='ocrx_word' id='word_1_97' title='bbox 499 1628 674 1679; x_wconf 79' lang='lat' dir='ltr'><strong>cremantur.</strong></span> <span class='ocrx_word' id='word_1_98' title='bbox 722 1617 829 1677; x_wconf 82' lang='lat' dir='ltr'><strong>Postea</strong></span> <span class='ocrx_word' id='word_1_99' title='bbox 849 1617 928 1676; x_wconf 84' lang='lat' dir='ltr'><strong>dicat</strong></span> <span class='ocrx_word' id='word_1_100' title='bbox 946 1616 1087 1677; x_wconf 79' lang='lat' dir='ltr'><strong>Sacerdos</strong></span> <span class='ocrx_word' id='word_1_101' title='bbox 1105 1616 1182 1675; x_wconf 75' lang='lat' dir='ltr'><strong>iaac</strong></span> <span class='ocrx_word' id='word_1_102' title='bbox 1203 1616 1363 1677; x_wconf 60' lang='lat' dir='ltr'><strong>oratwrcm</strong></span> 
     </span>
     <span class='ocr_line' id='line_1_14' title="bbox 151 1717 368 1776; baseline -0.009 0"><span class='ocrx_word' id='word_1_103' title='bbox 151 1736 219 1776; x_wconf 81' lang='lat' dir='ltr'><strong>eum</strong></span> <span class='ocrx_word' id='word_1_104' title='bbox 233 1717 368 1775; x_wconf 81' lang='lat' dir='ltr'><strong>Oramus.</strong></span> 
     </span>
    </p>

    <p class='ocr_par' dir='ltr' id='par_1_8' title="bbox 146 1809 1364 3437">
     <span class='ocr_line' id='line_1_15' title="bbox 212 1809 1361 1890; baseline -0.001 -19"><span class='ocrx_word' id='word_1_105' title='bbox 212 1813 341 1871; x_wconf 86' lang='lat' dir='ltr'><strong>Domine</strong></span> <span class='ocrx_word' id='word_1_106' title='bbox 359 1813 452 1884; x_wconf 91' lang='lat' dir='ltr'><strong>Deus,</strong></span> <span class='ocrx_word' id='word_1_107' title='bbox 469 1812 608 1870; x_wconf 78' lang='lat' dir='ltr'><strong>Salvator</strong></span> <span class='ocrx_word' id='word_1_108' title='bbox 624 1816 735 1884; x_wconf 86' lang='lat' dir='ltr'><strong>noster,</strong></span> <span class='ocrx_word' id='word_1_109' title='bbox 751 1810 805 1888; x_wconf 87' lang='lat' dir='ltr'><strong>qui</strong></span> <span class='ocrx_word' id='word_1_110' title='bbox 822 1829 854 1868; x_wconf 89' lang='lat' dir='ltr'><strong>es</strong></span> <span class='ocrx_word' id='word_1_111' title='bbox 866 1829 939 1867; x_wconf 84' lang='lat' dir='ltr'><strong>vera</strong></span> <span class='ocrx_word' id='word_1_112' title='bbox 958 1809 1038 1867; x_wconf 86' lang='lat' dir='ltr'><strong>salus</strong></span> <span class='ocrx_word' id='word_1_113' title='bbox 1053 1815 1085 1867; x_wconf 91' lang='lat' dir='ltr'><strong>et</strong></span> <span class='ocrx_word' id='word_1_114' title='bbox 1098 1809 1253 1884; x_wconf 86' lang='lat' dir='ltr'><strong>medicina,</strong></span> <span class='ocrx_word' id='word_1_115' title='bbox 1269 1832 1287 1870; x_wconf 88' lang='lat' dir='ltr'><strong>a</strong></span> <span class='ocrx_word' id='word_1_116' title='bbox 1301 1831 1361 1890; x_wconf 84' lang='lat' dir='ltr'><strong>quo</strong></span> 
     </span>
     <span class='ocr_line' id='line_1_16' title="bbox 150 1906 1363 1986; baseline 0.001 -19"><span class='ocrx_word' id='word_1_117' title='bbox 150 1928 238 1968; x_wconf 90' lang='lat' dir='ltr'><strong>omne</strong></span> <span class='ocrx_word' id='word_1_118' title='bbox 251 1909 500 1967; x_wconf 77' lang='lat' dir='ltr'><strong>medicamentum</strong></span> <span class='ocrx_word' id='word_1_119' title='bbox 514 1908 607 1980; x_wconf 79' lang='lat' dir='ltr'><strong>venit,</strong></span> <span class='ocrx_word' id='word_1_120' title='bbox 621 1908 732 1986; x_wconf 87' lang='lat' dir='ltr'><strong>quique</strong></span> <span class='ocrx_word' id='word_1_121' title='bbox 752 1906 774 1964; x_wconf 87' lang='lat' dir='ltr'><strong>J</strong></span> <span class='ocrx_word' id='word_1_122' title='bbox 775 1906 859 1964; x_wconf 91' lang='lat' dir='ltr'><strong>aoobi</strong></span> <span class='ocrx_word' id='word_1_123' title='bbox 873 1906 999 1982; x_wconf 87' lang='lat' dir='ltr'><strong>apostoli</strong></span> <span class='ocrx_word' id='word_1_124' title='bbox 1012 1906 1058 1963; x_wconf 91' lang='lat' dir='ltr'><strong>tui</strong></span> <span class='ocrx_word' id='word_1_125' title='bbox 1072 1925 1143 1964; x_wconf 87' lang='lat' dir='ltr'><strong>voce</strong></span> <span class='ocrx_word' id='word_1_126' title='bbox 1163 1926 1217 1965; x_wconf 90' lang='lat' dir='ltr'><strong>nos</strong></span> <span class='ocrx_word' id='word_1_127' title='bbox 1236 1907 1363 1968; x_wconf 76' lang='lat' dir='ltr'><strong>instruis</strong></span> 
     </span>
     <span class='ocr_line' id='line_1_17' title="bbox 150 2000 1363 2083; baseline 0.001 -20"><span class='ocrx_word' id='word_1_128' title='bbox 150 2011 187 2063; x_wconf 88' lang='lat' dir='ltr'><strong>ut</strong></span> <span class='ocrx_word' id='word_1_129' title='bbox 196 2005 353 2083; x_wconf 87' lang='lat' dir='ltr'><strong>languidos</strong></span> <span class='ocrx_word' id='word_1_130' title='bbox 363 2006 421 2063; x_wconf 93' lang='lat' dir='ltr'><strong>olei</strong></span> <span class='ocrx_word' id='word_1_131' title='bbox 430 2006 545 2082; x_wconf 88' lang='lat' dir='ltr'><strong>liquore</strong></span> <span class='ocrx_word' id='word_1_132' title='bbox 554 2011 711 2081; x_wconf 76' lang='lat' dir='ltr'><strong>tangentes</strong></span> <span class='ocrx_word' id='word_1_133' title='bbox 721 2009 781 2061; x_wconf 87' lang='lat' dir='ltr'><strong>tuae</strong></span> <span class='ocrx_word' id='word_1_134' title='bbox 792 2000 975 2080; x_wconf 87' lang='lat' dir='ltr'><strong>postulemus</strong></span> <span class='ocrx_word' id='word_1_135' title='bbox 987 2002 1216 2060; x_wconf 87' lang='lat' dir='ltr'><strong>misericordiam</strong></span> <span class='ocrx_word' id='word_1_136' title='bbox 1227 2004 1347 2080; x_wconf 80' lang='lat' dir='ltr'><strong>pietatis</strong></span> <span class='ocrx_word' id='word_1_137' title='bbox 1353 2024 1363 2079; x_wconf 82' lang='lat'>3</span> 
     </span>
     <span class='ocr_line' id='line_1_18' title="bbox 150 2100 1364 2179; baseline 0 -18"><span class='ocrx_word' id='word_1_138' title='bbox 150 2104 264 2178; x_wconf 87' lang='lat' dir='ltr'><strong>respice</strong></span> <span class='ocrx_word' id='word_1_139' title='bbox 276 2103 424 2179; x_wconf 85' lang='lat' dir='ltr'><strong>propitius</strong></span> <span class='ocrx_word' id='word_1_140' title='bbox 438 2122 525 2178; x_wconf 90' lang='lat' dir='ltr'><strong>super</strong></span> <span class='ocrx_word' id='word_1_141' title='bbox 543 2102 625 2160; x_wconf 89' lang='lat' dir='ltr'><strong>hunc</strong></span> <span class='ocrx_word' id='word_1_142' title='bbox 638 2101 784 2159; x_wconf 86' lang='lat' dir='ltr'><strong>famulum</strong></span> <span class='ocrx_word' id='word_1_143' title='bbox 797 2107 885 2158; x_wconf 92' lang='lat' dir='ltr'><strong>tuum</strong></span> <span class='ocrx_word' id='word_1_144' title='bbox 901 2100 950 2172; x_wconf 82' lang='lat' dir='ltr'><strong>N,</strong></span> <span class='ocrx_word' id='word_1_145' title='bbox 965 2106 997 2158; x_wconf 89' lang='lat' dir='ltr'><strong>et</strong></span> <span class='ocrx_word' id='word_1_146' title='bbox 1010 2119 1098 2176; x_wconf 89' lang='lat' dir='ltr'><strong>quem</strong></span> <span class='ocrx_word' id='word_1_147' title='bbox 1113 2101 1237 2177; x_wconf 85' lang='lat' dir='ltr'><strong>languor</strong></span> <span class='ocrx_word' id='word_1_148' title='bbox 1250 2103 1364 2162; x_wconf 90' lang='lat' dir='ltr'><strong>cruciat</strong></span> 
     </span>
     <span class='ocr_line' id='line_1_19' title="bbox 151 2196 1363 2274; baseline 0.002 -18"><span class='ocrx_word' id='word_1_149' title='bbox 151 2198 191 2256; x_wconf 92' lang='lat' dir='ltr'><strong>ad</strong></span> <span class='ocrx_word' id='word_1_150' title='bbox 206 2199 322 2255; x_wconf 83' lang='lat' dir='ltr'><strong>exitum</strong></span> <span class='ocrx_word' id='word_1_151' title='bbox 336 2205 367 2255; x_wconf 89' lang='lat' dir='ltr'><strong>et</strong></span> <span class='ocrx_word' id='word_1_152' title='bbox 378 2198 487 2255; x_wconf 87' lang='lat' dir='ltr'><strong>virium</strong></span> <span class='ocrx_word' id='word_1_153' title='bbox 500 2198 632 2256; x_wconf 86' lang='lat' dir='ltr'><strong>defectus</strong></span> <span class='ocrx_word' id='word_1_154' title='bbox 645 2197 740 2255; x_wconf 82' lang='lat' dir='ltr'><strong>trahit</strong></span> <span class='ocrx_word' id='word_1_155' title='bbox 752 2199 791 2255; x_wconf 88' lang='lat' dir='ltr'><strong>ad</strong></span> <span class='ocrx_word' id='word_1_156' title='bbox 803 2216 947 2268; x_wconf 86' lang='lat' dir='ltr'><strong>occasum,</strong></span> <span class='ocrx_word' id='word_1_157' title='bbox 960 2196 1075 2255; x_wconf 86' lang='lat' dir='ltr'><strong>medela</strong></span> <span class='ocrx_word' id='word_1_158' title='bbox 1087 2203 1148 2255; x_wconf 78' lang='lat' dir='ltr'><strong>ture</strong></span> <span class='ocrx_word' id='word_1_159' title='bbox 1162 2198 1265 2274; x_wconf 84' lang='lat' dir='ltr'><strong>gratiae</strong></span> <span class='ocrx_word' id='word_1_160' title='bbox 1279 2201 1363 2258; x_wconf 90' lang='lat' dir='ltr'><strong>resti-</strong></span> 
     </span>
     <span class='ocr_line' id='line_1_20' title="bbox 150 2293 1362 2371; baseline 0.002 -18"><span class='ocrx_word' id='word_1_161' title='bbox 150 2299 222 2353; x_wconf 87' lang='lat' dir='ltr'><strong>tuas</strong></span> <span class='ocrx_word' id='word_1_162' title='bbox 236 2294 273 2351; x_wconf 88' lang='lat' dir='ltr'><strong>ad</strong></span> <span class='ocrx_word' id='word_1_163' title='bbox 288 2293 435 2368; x_wconf 72' lang='lat' dir='ltr'><strong>salutem,¹</strong></span> <span class='ocrx_word' id='word_1_164' title='bbox 464 2293 543 2352; x_wconf 88' lang='lat' dir='ltr'><strong>Sana</strong></span> <span class='ocrx_word' id='word_1_165' title='bbox 562 2313 687 2371; x_wconf 92' lang='lat' dir='ltr'><strong>quoque,</strong></span> <span class='ocrx_word' id='word_1_166' title='bbox 703 2313 880 2370; x_wconf 85' lang='lat' dir='ltr'><strong>quaesumus,</strong></span> <span class='ocrx_word' id='word_1_167' title='bbox 895 2294 1033 2364; x_wconf 89' lang='lat' dir='ltr'><strong>Domine,</strong></span> <span class='ocrx_word' id='word_1_168' title='bbox 1049 2294 1182 2351; x_wconf 90' lang='lat' dir='ltr'><strong>omnium</strong></span> <span class='ocrx_word' id='word_1_169' title='bbox 1200 2295 1362 2356; x_wconf 77' lang='lat' dir='ltr'><strong>medicator</strong></span> 
     </span>
     <span class='ocr_line' id='line_1_21' title="bbox 150 2388 1361 2468; baseline 0.002 -19"><span class='ocrx_word' id='word_1_170' title='bbox 150 2391 292 2463; x_wconf 85' lang='lat' dir='ltr'><strong>febrium,</strong></span> <span class='ocrx_word' id='word_1_171' title='bbox 315 2396 490 2448; x_wconf 88' lang='lat' dir='ltr'><strong>cunctorum</strong></span> <span class='ocrx_word' id='word_1_172' title='bbox 511 2388 687 2467; x_wconf 79' lang='lat' dir='ltr'><strong>languorum</strong></span> <span class='ocrx_word' id='word_1_173' title='bbox 701 2391 857 2462; x_wconf 88' lang='lat' dir='ltr'><strong>cruciatus,</strong></span> <span class='ocrx_word' id='word_1_174' title='bbox 878 2390 1150 2468; x_wconf 76' lang='lat' dir='ltr'><strong>agritudinumque</strong></span> <span class='ocrx_word' id='word_1_175' title='bbox 1172 2397 1203 2449; x_wconf 90' lang='lat' dir='ltr'><strong>et</strong></span> <span class='ocrx_word' id='word_1_176' title='bbox 1225 2392 1361 2452; x_wconf 90' lang='lat' dir='ltr'><strong>dolorum</strong></span> 
     </span>
     <span class='ocr_line' id='line_1_22' title="bbox 150 2486 1358 2562; baseline 0 -15"><span class='ocrx_word' id='word_1_177' title='bbox 150 2488 287 2547; x_wconf 90' lang='lat' dir='ltr'><strong>omnium</strong></span> <span class='ocrx_word' id='word_1_178' title='bbox 322 2486 448 2544; x_wconf 85' lang='lat' dir='ltr'><strong>dissolve</strong></span> <span class='ocrx_word' id='word_1_179' title='bbox 480 2493 638 2559; x_wconf 84' lang='lat' dir='ltr'><strong>tormenta,</strong></span> <span class='ocrx_word' id='word_1_180' title='bbox 670 2486 816 2544; x_wconf 86' lang='lat' dir='ltr'><strong>viscerum</strong></span> <span class='ocrx_word' id='word_1_181' title='bbox 848 2507 881 2545; x_wconf 85' lang='lat' dir='ltr'><strong>ac</strong></span> <span class='ocrx_word' id='word_1_182' title='bbox 916 2487 1050 2546; x_wconf 90' lang='lat' dir='ltr'><strong>cordium</strong></span> <span class='ocrx_word' id='word_1_183' title='bbox 1083 2488 1203 2546; x_wconf 86' lang='lat' dir='ltr'><strong>interna</strong></span> <span class='ocrx_word' id='word_1_184' title='bbox 1237 2489 1358 2562; x_wconf 66' lang='lat' dir='ltr'><strong>medica,</strong></span> 
     </span>
     <span class='ocr_line' id='line_1_23' title="bbox 149 2583 1363 2662; baseline 0 -18"><span class='ocrx_word' id='word_1_185' title='bbox 149 2585 355 2644; x_wconf 84' lang='lat' dir='ltr'><strong>Medullarum</strong></span> <span class='ocrx_word' id='word_1_186' title='bbox 376 2604 493 2661; x_wconf 90' lang='lat' dir='ltr'><strong>quoque</strong></span> <span class='ocrx_word' id='word_1_187' title='bbox 513 2590 544 2643; x_wconf 89' lang='lat' dir='ltr'><strong>ct</strong></span> <span class='ocrx_word' id='word_1_188' title='bbox 564 2583 778 2662; x_wconf 84' lang='lat' dir='ltr'><strong>cogitationum</strong></span> <span class='ocrx_word' id='word_1_189' title='bbox 796 2604 868 2643; x_wconf 89' lang='lat' dir='ltr'><strong>sana</strong></span> <span class='ocrx_word' id='word_1_190' title='bbox 881 2585 1051 2643; x_wconf 89' lang='lat' dir='ltr'><strong>discrimina</strong></span> <span class='ocrx_word' id='word_1_191' title='bbox 1061 2605 1070 2659; x_wconf 91' lang='lat'>;</span> <span class='ocrx_word' id='word_1_192' title='bbox 1091 2586 1221 2644; x_wconf 88' lang='lat' dir='ltr'><strong>ulcerum</strong></span> <span class='ocrx_word' id='word_1_193' title='bbox 1236 2586 1363 2645; x_wconf 84' lang='lat' dir='ltr'><strong>varieta-</strong></span> 
     </span>
     <span class='ocr_line' id='line_1_24' title="bbox 149 2682 1361 2761; baseline 0.003 -22"><span class='ocrx_word' id='word_1_194' title='bbox 149 2686 274 2758; x_wconf 89' lang='lat' dir='ltr'><strong>tumque</strong></span> <span class='ocrx_word' id='word_1_195' title='bbox 301 2682 473 2760; x_wconf 89' lang='lat' dir='ltr'><strong>putredines</strong></span> <span class='ocrx_word' id='word_1_196' title='bbox 499 2702 609 2741; x_wconf 83' lang='lat' dir='ltr'><strong>evacua</strong></span> <span class='ocrx_word' id='word_1_197' title='bbox 620 2702 629 2754; x_wconf 80' lang='lat'>3</span> <span class='ocrx_word' id='word_1_198' title='bbox 663 2682 909 2741; x_wconf 86' lang='lat' dir='ltr'><strong>conscientiarum</strong></span> <span class='ocrx_word' id='word_1_199' title='bbox 931 2689 1021 2760; x_wconf 89' lang='lat' dir='ltr'><strong>atque</strong></span> <span class='ocrx_word' id='word_1_200' title='bbox 1043 2683 1196 2761; x_wconf 86' lang='lat' dir='ltr'><strong>plagarum</strong></span> <span class='ocrx_word' id='word_1_201' title='bbox 1221 2684 1361 2743; x_wconf 89' lang='lat' dir='ltr'><strong>obducito</strong></span> 
     </span>
     <span class='ocr_line' id='line_1_25' title="bbox 150 2779 1360 2858; baseline 0.004 -21"><span class='ocrx_word' id='word_1_202' title='bbox 150 2779 300 2837; x_wconf 88' lang='lat' dir='ltr'><strong>cicatrices</strong></span> <span class='ocrx_word' id='word_1_203' title='bbox 323 2785 445 2850; x_wconf 88' lang='lat' dir='ltr'><strong>veteres,</strong></span> <span class='ocrx_word' id='word_1_204' title='bbox 461 2780 678 2857; x_wconf 87' lang='lat' dir='ltr'><strong>immensasque</strong></span> <span class='ocrx_word' id='word_1_205' title='bbox 701 2799 818 2838; x_wconf 85' lang='lat' dir='ltr'><strong>remove</strong></span> <span class='ocrx_word' id='word_1_206' title='bbox 841 2779 1008 2856; x_wconf 85' lang='lat' dir='ltr'><strong>passiones:</strong></span> <span class='ocrx_word' id='word_1_207' title='bbox 1036 2783 1132 2841; x_wconf 85' lang='lat' dir='ltr'><strong>carnis</strong></span> <span class='ocrx_word' id='word_1_208' title='bbox 1152 2803 1186 2841; x_wconf 93' lang='lat' dir='ltr'><strong>ac</strong></span> <span class='ocrx_word' id='word_1_209' title='bbox 1207 2782 1360 2858; x_wconf 85' lang='lat' dir='ltr'><strong>sanguinis</strong></span> 
     </span>
     <span class='ocr_line' id='line_1_26' title="bbox 148 2875 1360 2957; baseline 0.006 -25"><span class='ocrx_word' id='word_1_210' title='bbox 148 2876 305 2932; x_wconf 89' lang='lat' dir='ltr'><strong>materiam</strong></span> <span class='ocrx_word' id='word_1_211' title='bbox 333 2875 467 2947; x_wconf 83' lang='lat' dir='ltr'><strong>reforma,</strong></span> <span class='ocrx_word' id='word_1_212' title='bbox 488 2876 723 2952; x_wconf 88' lang='lat' dir='ltr'><strong>delictorumque</strong></span> <span class='ocrx_word' id='word_1_213' title='bbox 751 2881 925 2935; x_wconf 83' lang='lat' dir='ltr'><strong>cunctorum</strong></span> <span class='ocrx_word' id='word_1_214' title='bbox 949 2877 1067 2935; x_wconf 85' lang='lat' dir='ltr'><strong>veniam</strong></span> <span class='ocrx_word' id='word_1_215' title='bbox 1093 2880 1199 2938; x_wconf 88' lang='lat' dir='ltr'><strong>tribue.</strong></span> <span class='ocrx_word' id='word_1_216' title='bbox 1252 2881 1360 2957; x_wconf 83' lang='lat' dir='ltr'><strong>Sicque</strong></span> 
     </span>
     <span class='ocr_line' id='line_1_27' title="bbox 149 2970 1360 3053; baseline 0.006 -26"><span class='ocrx_word' id='word_1_217' title='bbox 149 2970 237 3027; x_wconf 92' lang='lat' dir='ltr'><strong>illum</strong></span> <span class='ocrx_word' id='word_1_218' title='bbox 259 2971 354 3047; x_wconf 88' lang='lat' dir='ltr'><strong>pietas</strong></span> <span class='ocrx_word' id='word_1_219' title='bbox 373 2978 427 3029; x_wconf 90' lang='lat' dir='ltr'><strong>tua</strong></span> <span class='ocrx_word' id='word_1_220' title='bbox 443 2972 559 3049; x_wconf 83' lang='lat' dir='ltr'><strong>jugiter</strong></span> <span class='ocrx_word' id='word_1_221' title='bbox 582 2973 740 3043; x_wconf 87' lang='lat' dir='ltr'><strong>custodiat,</strong></span> <span class='ocrx_word' id='word_1_222' title='bbox 760 2978 796 3030; x_wconf 91' lang='lat' dir='ltr'><strong>ut</strong></span> <span class='ocrx_word' id='word_1_223' title='bbox 820 2991 874 3030; x_wconf 94' lang='lat' dir='ltr'><strong>nec</strong></span> <span class='ocrx_word' id='word_1_224' title='bbox 898 2972 935 3029; x_wconf 87' lang='lat' dir='ltr'><strong>ad</strong></span> <span class='ocrx_word' id='word_1_225' title='bbox 959 2975 1178 3050; x_wconf 87' lang='lat' dir='ltr'><strong>corruptionem</strong></span> <span class='ocrx_word' id='word_1_226' title='bbox 1199 2976 1360 3053; x_wconf 83' lang='lat' dir='ltr'><strong>aliquando</strong></span> 
     </span>
     <span class='ocr_line' id='line_1_28' title="bbox 146 3069 1360 3148; baseline 0.004 -20"><span class='ocrx_word' id='word_1_227' title='bbox 146 3071 270 3141; x_wconf 64' lang='lat' dir='ltr'><strong>&#39;sanitas</strong></span> <span class='ocrx_word' id='word_1_228' title='bbox 286 3089 340 3127; x_wconf 90' lang='lat' dir='ltr'><strong>uec</strong></span> <span class='ocrx_word' id='word_1_229' title='bbox 353 3069 391 3126; x_wconf 89' lang='lat' dir='ltr'><strong>ad</strong></span> <span class='ocrx_word' id='word_1_230' title='bbox 405 3070 610 3147; x_wconf 90' lang='lat' dir='ltr'><strong>perditionem,</strong></span> <span class='ocrx_word' id='word_1_231' title='bbox 621 3090 702 3128; x_wconf 89' lang='lat' dir='ltr'><strong>nunc</strong></span> <span class='ocrx_word' id='word_1_232' title='bbox 712 3077 743 3128; x_wconf 90' lang='lat' dir='ltr'><strong>te</strong></span> <span class='ocrx_word' id='word_1_233' title='bbox 754 3071 929 3143; x_wconf 88' lang='lat' dir='ltr'><strong>auxiliante,</strong></span> <span class='ocrx_word' id='word_1_234' title='bbox 940 3072 1083 3148; x_wconf 89' lang='lat' dir='ltr'><strong>perducat</strong></span> <span class='ocrx_word' id='word_1_235' title='bbox 1091 3073 1258 3132; x_wconf 85' lang='lat' dir='ltr'><strong>infirmitas.</strong></span> <span class='ocrx_word' id='word_1_236' title='bbox 1302 3074 1360 3133; x_wconf 88' lang='lat' dir='ltr'><strong>Sed</strong></span> 
     </span>
     <span class='ocr_line' id='line_1_29' title="bbox 150 3168 1359 3249; baseline 0.002 -22"><span class='ocrx_word' id='word_1_237' title='bbox 150 3169 205 3227; x_wconf 86' lang='lat' dir='ltr'><strong>fiat</strong></span> <span class='ocrx_word' id='word_1_238' title='bbox 217 3169 263 3226; x_wconf 91' lang='lat' dir='ltr'><strong>illi</strong></span> <span class='ocrx_word' id='word_1_239' title='bbox 277 3168 339 3226; x_wconf 89' lang='lat' dir='ltr'><strong>haec</strong></span> <span class='ocrx_word' id='word_1_240' title='bbox 352 3168 409 3225; x_wconf 88' lang='lat' dir='ltr'><strong>olei</strong></span> <span class='ocrx_word' id='word_1_241' title='bbox 422 3169 528 3226; x_wconf 85' lang='lat' dir='ltr'><strong>sacrati</strong></span> <span class='ocrx_word' id='word_1_242' title='bbox 542 3169 699 3246; x_wconf 88' lang='lat' dir='ltr'><strong>perunctio</strong></span> <span class='ocrx_word' id='word_1_243' title='bbox 717 3169 821 3227; x_wconf 89' lang='lat' dir='ltr'><strong>mortis</strong></span> <span class='ocrx_word' id='word_1_244' title='bbox 843 3176 873 3227; x_wconf 93' lang='lat' dir='ltr'><strong>et</strong></span> <span class='ocrx_word' id='word_1_245' title='bbox 896 3170 992 3227; x_wconf 90' lang='lat' dir='ltr'><strong>morbi</strong></span> <span class='ocrx_word' id='word_1_246' title='bbox 1013 3177 1103 3246; x_wconf 89' lang='lat' dir='ltr'><strong>atque</strong></span> <span class='ocrx_word' id='word_1_247' title='bbox 1124 3172 1274 3248; x_wconf 82' lang='lat' dir='ltr'><strong>languoris</strong></span> <span class='ocrx_word' id='word_1_248' title='bbox 1287 3192 1359 3249; x_wconf 81' lang='lat' dir='ltr'><strong>pra-</strong></span> 
     </span>
     <span class='ocr_line' id='line_1_30' title="bbox 149 3265 1359 3342; baseline 0.002 -18"><span class='ocrx_word' id='word_1_249' title='bbox 149 3265 243 3325; x_wconf 78' lang='lat' dir='ltr'><strong>sentia</strong></span> <span class='ocrx_word' id='word_1_250' title='bbox 256 3265 391 3342; x_wconf 86' lang='lat' dir='ltr'><strong>expulsio</strong></span> <span class='ocrx_word' id='word_1_251' title='bbox 405 3271 435 3323; x_wconf 90' lang='lat' dir='ltr'><strong>et</strong></span> <span class='ocrx_word' id='word_1_252' title='bbox 448 3272 635 3342; x_wconf 85' lang='lat' dir='ltr'><strong>peccatorum</strong></span> <span class='ocrx_word' id='word_1_253' title='bbox 649 3265 783 3322; x_wconf 88' lang='lat' dir='ltr'><strong>omnium</strong></span> <span class='ocrx_word' id='word_1_254' title='bbox 797 3271 938 3341; x_wconf 85' lang='lat' dir='ltr'><strong>exoptata</strong></span> <span class='ocrx_word' id='word_1_255' title='bbox 953 3267 1094 3325; x_wconf 89' lang='lat' dir='ltr'><strong>remissio.</strong></span> <span class='ocrx_word' id='word_1_256' title='bbox 1138 3269 1279 3338; x_wconf 83' lang='lat' dir='ltr'><strong>Quicum</strong></span> <span class='ocrx_word' id='word_1_257' title='bbox 1293 3269 1359 3327; x_wconf 89' lang='lat' dir='ltr'><strong>Deo</strong></span> 
     </span>
     <span class='ocr_line' id='line_1_31' title="bbox 150 3361 1237 3437; baseline 0.001 -16"><span class='ocrx_word' id='word_1_258' title='bbox 150 3363 241 3421; x_wconf 88' lang='lat' dir='ltr'><strong>Patre</strong></span> <span class='ocrx_word' id='word_1_259' title='bbox 256 3362 334 3419; x_wconf 84' lang='lat' dir='ltr'><strong>vivis</strong></span> <span class='ocrx_word' id='word_1_260' title='bbox 349 3369 378 3419; x_wconf 88' lang='lat' dir='ltr'><strong>et</strong></span> <span class='ocrx_word' id='word_1_261' title='bbox 392 3380 496 3437; x_wconf 86' lang='lat' dir='ltr'><strong>regnas</strong></span> <span class='ocrx_word' id='word_1_262' title='bbox 510 3362 593 3420; x_wconf 91' lang='lat' dir='ltr'><strong>Deus</strong></span> <span class='ocrx_word' id='word_1_263' title='bbox 606 3380 660 3437; x_wconf 89' lang='lat' dir='ltr'><strong>per</strong></span> <span class='ocrx_word' id='word_1_264' title='bbox 673 3362 774 3418; x_wconf 90' lang='lat' dir='ltr'><strong>omnia</strong></span> <span class='ocrx_word' id='word_1_265' title='bbox 787 3361 893 3419; x_wconf 87' lang='lat' dir='ltr'><strong>saecula</strong></span> <span class='ocrx_word' id='word_1_266' title='bbox 905 3361 1087 3420; x_wconf 84' lang='lat' dir='ltr'><strong>saeculorum.</strong></span> <span class='ocrx_word' id='word_1_267' title='bbox 1130 3364 1237 3422; x_wconf 85' lang='lat' dir='ltr'><strong>Arnen</strong></span> 
     </span>
    </p>

    <p class='ocr_par' dir='ltr' id='par_1_9' title="bbox 148 3458 1360 4105">
     <span class='ocr_line' id='line_1_32' title="bbox 211 3458 1360 3533; baseline 0.003 -15"><span class='ocrx_word' id='word_1_268' title='bbox 211 3461 305 3519; x_wconf 83' lang='lat' dir='ltr'><strong>Facta</strong></span> <span class='ocrx_word' id='word_1_269' title='bbox 320 3461 455 3517; x_wconf 79' lang='lat' dir='ltr'><strong>unctione</strong></span> <span class='ocrx_word' id='word_1_270' title='bbox 475 3459 611 3528; x_wconf 81' lang='lat' dir='ltr'><strong>totaliter,</strong></span> <span class='ocrx_word' id='word_1_271' title='bbox 625 3459 778 3533; x_wconf 72' lang='lat' dir='ltr'><strong>especiem</strong></span> <span class='ocrx_word' id='word_1_272' title='bbox 795 3468 835 3516; x_wconf 82' lang='lat' dir='ltr'><strong>est</strong></span> <span class='ocrx_word' id='word_1_273' title='bbox 848 3467 882 3516; x_wconf 81' lang='lat' dir='ltr'><strong>ut</strong></span> <span class='ocrx_word' id='word_1_274' title='bbox 895 3458 1035 3519; x_wconf 79' lang='lat' dir='ltr'><strong>Sacerdos</strong></span> <span class='ocrx_word' id='word_1_275' title='bbox 1048 3469 1116 3518; x_wconf 78' lang='lat' dir='ltr'><strong>arete</strong></span> <span class='ocrx_word' id='word_1_276' title='bbox 1130 3461 1360 3521; x_wconf 79' lang='lat' dir='ltr'><strong>communionem</strong></span> 
     </span>
     <span class='ocr_line' id='line_1_33' title="bbox 150 3547 1358 3633; baseline 0 -17"><span class='ocrx_word' id='word_1_277' title='bbox 150 3558 286 3633; x_wconf 75' lang='lat' dir='ltr'><strong>inquirat</strong></span> <span class='ocrx_word' id='word_1_278' title='bbox 300 3557 337 3626; x_wconf 77' lang='lat' dir='ltr'><strong>ab</strong></span> <span class='ocrx_word' id='word_1_279' title='bbox 350 3557 469 3630; x_wconf 82' lang='lat' dir='ltr'><strong>infirmo</strong></span> <span class='ocrx_word' id='word_1_280' title='bbox 482 3575 524 3612; x_wconf 86' lang='lat' dir='ltr'><strong>aa</strong></span> <span class='ocrx_word' id='word_1_281' title='bbox 536 3554 641 3628; x_wconf 81' lang='lat' dir='ltr'><strong>aliqua</strong></span> <span class='ocrx_word' id='word_1_282' title='bbox 662 3554 725 3612; x_wconf 84' lang='lat' dir='ltr'><strong>alia</strong></span> <span class='ocrx_word' id='word_1_283' title='bbox 741 3547 861 3629; x_wconf 84' lang='lat' dir='ltr'><strong>pec&#39;cata</strong></span> <span class='ocrx_word' id='word_1_284' title='bbox 877 3555 933 3613; x_wconf 84' lang='lat' dir='ltr'><strong>sibi</strong></span> <span class='ocrx_word' id='word_1_285' title='bbox 951 3557 992 3613; x_wconf 84' lang='lat' dir='ltr'><strong>ad</strong></span> <span class='ocrx_word' id='word_1_286' title='bbox 1009 3556 1180 3614; x_wconf 60' lang='lat' dir='ltr'><strong>manniam</strong></span> <span class='ocrx_word' id='word_1_287' title='bbox 1193 3568 1358 3632; x_wconf 68' lang='lat' dir='ltr'><strong>cerumar,</strong></span> 
     </span>
     <span class='ocr_line' id='line_1_34' title="bbox 149 3650 1360 3731; baseline 0.001 -16"><span class='ocrx_word' id='word_1_288' title='bbox 149 3657 186 3716; x_wconf 83' lang='lat' dir='ltr'><strong>dc</strong></span> <span class='ocrx_word' id='word_1_289' title='bbox 206 3656 312 3731; x_wconf 79' lang='lat' dir='ltr'><strong>quibas</strong></span> <span class='ocrx_word' id='word_1_290' title='bbox 332 3674 393 3712; x_wconf 82' lang='lat' dir='ltr'><strong>noa</strong></span> <span class='ocrx_word' id='word_1_291' title='bbox 416 3661 479 3710; x_wconf 86' lang='lat' dir='ltr'><strong>erat</strong></span> <span class='ocrx_word' id='word_1_292' title='bbox 503 3650 659 3727; x_wconf 74' lang='lat' dir='ltr'><strong>confessus</strong></span> <span class='ocrx_word' id='word_1_293' title='bbox 702 3651 785 3709; x_wconf 83' lang='lat' dir='ltr'><strong>Nara</strong></span> <span class='ocrx_word' id='word_1_294' title='bbox 803 3661 899 3727; x_wconf 83' lang='lat' dir='ltr'><strong>posset</strong></span> <span class='ocrx_word' id='word_1_295' title='bbox 923 3673 979 3711; x_wconf 79' lang='lat' dir='ltr'><strong>aare</strong></span> <span class='ocrx_word' id='word_1_296' title='bbox 1000 3654 1080 3729; x_wconf 82' lang='lat' dir='ltr'><strong>chd</strong></span> <span class='ocrx_word' id='word_1_297' title='bbox 1099 3663 1153 3711; x_wconf 79' lang='lat' dir='ltr'><strong>aar</strong></span> <span class='ocrx_word' id='word_1_298' title='bbox 1167 3676 1223 3730; x_wconf 80' lang='lat' dir='ltr'><strong>per</strong></span> <span class='ocrx_word' id='word_1_299' title='bbox 1243 3656 1360 3717; x_wconf 80' lang='lat' dir='ltr'><strong>devotas</strong></span> 
     </span>
     <span class='ocr_line' id='line_1_35' title="bbox 150 3748 1358 3825; baseline 0.001 -13"><span class='ocrx_word' id='word_1_300' title='bbox 150 3753 296 3813; x_wconf 71' lang='lat' dir='ltr'><strong>motiones</strong></span> <span class='ocrx_word' id='word_1_301' title='bbox 309 3750 474 3810; x_wconf 84' lang='lat' dir='ltr'><strong>Sacerdotis</strong></span> <span class='ocrx_word' id='word_1_302' title='bbox 491 3749 549 3808; x_wconf 83' lang='lat' dir='ltr'><strong>eive</strong></span> <span class='ocrx_word' id='word_1_303' title='bbox 567 3748 696 3807; x_wconf 64' lang='lat' dir='ltr'><strong>aliorum</strong></span> <span class='ocrx_word' id='word_1_304' title='bbox 710 3748 793 3807; x_wconf 82' lang='lat' dir='ltr'><strong>Deus</strong></span> <span class='ocrx_word' id='word_1_305' title='bbox 810 3769 858 3807; x_wconf 86' lang='lat' dir='ltr'><strong>cor</strong></span> <span class='ocrx_word' id='word_1_306' title='bbox 875 3749 990 3825; x_wconf 76' lang='lat' dir='ltr'><strong>infimi</strong></span> <span class='ocrx_word' id='word_1_307' title='bbox 1007 3749 1176 3824; x_wconf 74' lang='lat' dir='ltr'><strong>illustraret,</strong></span> <span class='ocrx_word' id='word_1_308' title='bbox 1191 3761 1218 3811; x_wconf 85' lang='lat' dir='ltr'><strong>et</strong></span> <span class='ocrx_word' id='word_1_309' title='bbox 1234 3755 1358 3815; x_wconf 85' lang='lat' dir='ltr'><strong>daretei</strong></span> 
     </span>
     <span class='ocr_line' id='line_1_36' title="bbox 148 3845 1358 3928; baseline 0.002 -20"><span class='ocrx_word' id='word_1_310' title='bbox 148 3851 280 3928; x_wconf 73' lang='lat' dir='ltr'><strong>qratiam</strong></span> <span class='ocrx_word' id='word_1_311' title='bbox 303 3850 400 3906; x_wconf 82' lang='lat' dir='ltr'><strong>aerias</strong></span> <span class='ocrx_word' id='word_1_312' title='bbox 423 3857 449 3906; x_wconf 86' lang='lat' dir='ltr'><strong>et</strong></span> <span class='ocrx_word' id='word_1_313' title='bbox 468 3846 588 3923; x_wconf 80' lang='lat' dir='ltr'><strong>planias</strong></span> <span class='ocrx_word' id='word_1_314' title='bbox 606 3845 744 3921; x_wconf 77' lang='lat' dir='ltr'><strong>confiteri.</strong></span> <span class='ocrx_word' id='word_1_315' title='bbox 787 3845 828 3902; x_wconf 79' lang='lat' dir='ltr'><strong>Et</strong></span> <span class='ocrx_word' id='word_1_316' title='bbox 842 3854 945 3921; x_wconf 82' lang='lat' dir='ltr'><strong>postea</strong></span> <span class='ocrx_word' id='word_1_317' title='bbox 964 3847 1198 3922; x_wconf 76' lang='lat' dir='ltr'><strong>interropetcnm</strong></span> <span class='ocrx_word' id='word_1_318' title='bbox 1217 3849 1358 3912; x_wconf 79' lang='lat' dir='ltr'><strong>Sacerdos</strong></span> 
     </span>
     <span class='ocr_line' id='line_1_37' title="bbox 148 3941 1357 4022; baseline 0.004 -16"><span class='ocrx_word' id='word_1_319' title='bbox 148 3947 177 4006; x_wconf 76' lang='lat' dir='ltr'><strong>si</strong></span> <span class='ocrx_word' id='word_1_320' title='bbox 200 3954 381 4021; x_wconf 74' lang='lat' dir='ltr'><strong>recopaoscat</strong></span> <span class='ocrx_word' id='word_1_321' title='bbox 404 3943 517 4021; x_wconf 75' lang='lat' dir='ltr'><strong>Corpus</strong></span> <span class='ocrx_word' id='word_1_322' title='bbox 540 3952 567 4002; x_wconf 85' lang='lat' dir='ltr'><strong>et</strong></span> <span class='ocrx_word' id='word_1_323' title='bbox 592 3941 776 4019; x_wconf 74' lang='lat' dir='ltr'><strong>Saapaiaem</strong></span> <span class='ocrx_word' id='word_1_324' title='bbox 800 3942 926 4001; x_wconf 83' lang='lat' dir='ltr'><strong>Domini</strong></span> <span class='ocrx_word' id='word_1_325' title='bbox 952 3942 1047 4003; x_wconf 79' lang='lat' dir='ltr'><strong>nostri</strong></span> <span class='ocrx_word' id='word_1_326' title='bbox 1069 3944 1143 4006; x_wconf 84' lang='lat' dir='ltr'><strong>Jesa</strong></span> <span class='ocrx_word' id='word_1_327' title='bbox 1168 3946 1289 4022; x_wconf 79' lang='lat' dir='ltr'><strong>Olristi,</strong></span> <span class='ocrx_word' id='word_1_328' title='bbox 1315 3951 1357 4011; x_wconf 84' lang='lat' dir='ltr'><strong>cic</strong></span> 
     </span>
     <span class='ocr_line' id='line_1_38' title="bbox 150 4045 293 4105; baseline -0.007 -1"><span class='ocrx_word' id='word_1_329' title='bbox 150 4045 293 4105; x_wconf 76' lang='lat' dir='ltr'><strong>dicendo:</strong></span> 
     </span>
    </p>

    <p class='ocr_par' dir='ltr' id='par_1_10' title="bbox 149 4138 1359 4411">
     <span class='ocr_line' id='line_1_39' title="bbox 211 4138 1358 4215; baseline 0.005 -15"><span class='ocrx_word' id='word_1_330' title='bbox 211 4143 325 4210; x_wconf 80' lang='lat' dir='ltr'><strong>Frater,</strong></span> <span class='ocrx_word' id='word_1_331' title='bbox 341 4140 434 4198; x_wconf 88' lang='lat' dir='ltr'><strong>credis</strong></span> <span class='ocrx_word' id='word_1_332' title='bbox 455 4139 534 4215; x_wconf 91' lang='lat' dir='ltr'><strong>quod</strong></span> <span class='ocrx_word' id='word_1_333' title='bbox 554 4146 770 4198; x_wconf 88' lang='lat' dir='ltr'><strong>sacramentum</strong></span> <span class='ocrx_word' id='word_1_334' title='bbox 791 4138 871 4215; x_wconf 92' lang='lat' dir='ltr'><strong>quod</strong></span> <span class='ocrx_word' id='word_1_335' title='bbox 885 4144 1032 4198; x_wconf 86' lang='lat' dir='ltr'><strong>tractatur</strong></span> <span class='ocrx_word' id='word_1_336' title='bbox 1045 4140 1077 4198; x_wconf 93' lang='lat' dir='ltr'><strong>in</strong></span> <span class='ocrx_word' id='word_1_337' title='bbox 1091 4141 1181 4202; x_wconf 85' lang='lat' dir='ltr'><strong>altari</strong></span> <span class='ocrx_word' id='word_1_338' title='bbox 1194 4145 1249 4204; x_wconf 88' lang='lat' dir='ltr'><strong>sub</strong></span> <span class='ocrx_word' id='word_1_339' title='bbox 1262 4145 1358 4206; x_wconf 81' lang='lat' dir='ltr'><strong>forms</strong></span> 
     </span>
     <span class='ocr_line' id='line_1_40' title="bbox 149 4235 1359 4320; baseline 0.001 -22"><span class='ocrx_word' id='word_1_340' title='bbox 149 4239 236 4320; x_wconf 90' lang='lat' dir='ltr'><strong>panis</strong></span> <span class='ocrx_word' id='word_1_341' title='bbox 250 4244 295 4295; x_wconf 70' lang='lat' dir='ltr'><strong>est</strong></span> <span class='ocrx_word' id='word_1_342' title='bbox 304 4256 408 4294; x_wconf 85' lang='lat' dir='ltr'><strong>verum</strong></span> <span class='ocrx_word' id='word_1_343' title='bbox 423 4235 537 4312; x_wconf 77' lang='lat' dir='ltr'><strong>Corpus</strong></span> <span class='ocrx_word' id='word_1_344' title='bbox 550 4242 581 4294; x_wconf 85' lang='lat' dir='ltr'><strong>et</strong></span> <span class='ocrx_word' id='word_1_345' title='bbox 595 4235 720 4314; x_wconf 80' lang='lat' dir='ltr'><strong>Sanguis</strong></span> <span class='ocrx_word' id='word_1_346' title='bbox 734 4235 859 4294; x_wconf 89' lang='lat' dir='ltr'><strong>Domini</strong></span> <span class='ocrx_word' id='word_1_347' title='bbox 872 4237 968 4296; x_wconf 90' lang='lat' dir='ltr'><strong>nostri</strong></span> <span class='ocrx_word' id='word_1_348' title='bbox 981 4237 1003 4297; x_wconf 79' lang='lat' dir='ltr'><strong>J</strong></span> <span class='ocrx_word' id='word_1_349' title='bbox 1004 4256 1056 4295; x_wconf 89' lang='lat' dir='ltr'><strong>esu</strong></span> <span class='ocrx_word' id='word_1_350' title='bbox 1071 4237 1190 4300; x_wconf 78' lang='lat' dir='ltr'><strong>Christi.</strong></span> <span class='ocrx_word' id='word_1_351' title='bbox 1232 4241 1359 4319; x_wconf 70' lang='lat' dir='ltr'><strong>Bospara·</strong></span> 
     </span>
     <span class='ocr_line' id='line_1_41' title="bbox 149 4332 625 4411; baseline -0.017 -13"><span class='ocrx_word' id='word_1_352' title='bbox 149 4340 218 4398; x_wconf 78' lang='lat' dir='ltr'><strong>deal</strong></span> <span class='ocrx_word' id='word_1_353' title='bbox 231 4337 369 4411; x_wconf 76' lang='lat' dir='ltr'><strong>infirmae</strong></span> <span class='ocrx_word' id='word_1_354' title='bbox 383 4333 481 4392; x_wconf 77' lang='lat' dir='ltr'><strong>diceas</strong></span> <span class='ocrx_word' id='word_1_355' title='bbox 490 4357 500 4392; x_wconf 94' lang='lat'><em>:</em></span> <span class='ocrx_word' id='word_1_356' title='bbox 522 4332 625 4391; x_wconf 79' lang='lat' dir='ltr'><strong>Credo.</strong></span> 
     </span>
    </p>

    <p class='ocr_par' dir='ltr' id='par_1_11' title="bbox 211 4429 1359 4508">
     <span class='ocr_line' id='line_1_42' title="bbox 211 4429 1359 4508; baseline 0.005 -18"><span class='ocrx_word' id='word_1_357' title='bbox 211 4432 328 4492; x_wconf 79' lang='lat' dir='ltr'><strong>Deinde</strong></span> <span class='ocrx_word' id='word_1_358' title='bbox 351 4429 578 4490; x_wconf 75' lang='lat' dir='ltr'><strong>communicetur</strong></span> <span class='ocrx_word' id='word_1_359' title='bbox 601 4430 746 4506; x_wconf 74' lang='lat' dir='ltr'><strong>infirmae,</strong></span> <span class='ocrx_word' id='word_1_360' title='bbox 767 4430 828 4491; x_wconf 63' lang='lat' dir='ltr'><strong>atei</strong></span> <span class='ocrx_word' id='word_1_361' title='bbox 845 4429 937 4507; x_wconf 74' lang='lat' dir='ltr'><strong>prius</strong></span> <span class='ocrx_word' id='word_1_362' title='bbox 959 4430 1189 4492; x_wconf 74' lang='lat' dir='ltr'><strong>commeauieatas</strong></span> <span class='ocrx_word' id='word_1_363' title='bbox 1207 4431 1312 4508; x_wconf 75' lang='lat' dir='ltr'><strong>suerit,</strong></span> <span class='ocrx_word' id='word_1_364' title='bbox 1332 4443 1359 4496; x_wconf 82' lang='lat' dir='ltr'><strong>et</strong></span> 
     </span>
    </p>
   </div>
   <div class='ocr_carea' id='block_1_3' title="bbox 0 0 1516 4966">
    <p class='ocr_par' dir='ltr' id='par_1_12' title="bbox 0 0 1516 4966">
     <span class='ocr_line' id='line_1_43' title="bbox 0 0 1516 4966; baseline 0 1"><span class='ocrx_word' id='word_1_365' title='bbox 0 0 1516 4966; x_wconf 95' lang='lat' dir='ltr'><strong> </strong></span> 
     </span>
    </p>
   </div>
  </div>
 </body>
</html>
