2962 4928
464 330 641 398 Descncto
655 327 954 415 Jacooompouolo.
1250 331 1312 394 205

169 659 229 719 rte
241 657 398 735 solloroinq
416 655 524 734 meiol
541 626 726 716 Processimes
745 674 797 714 are
809 653 913 730 found
935 654 968 713 in
990 653 1043 714 Sir
1061 653 1145 714 Jolm
1167 653 1317 716 laocoon’s

108 757 234 820 MS:—

392 907 473 966 Irmr
492 923 534 965 nr
554 922 669 966 ssuoro
688 906 841 966 Jonsusn
861 906 1022 966 Bsrrrsrn

168 1073 351 1152 Antiphone.
395 1073 483 1132 Inter
508 1079 595 1132 natos
621 1072 781 1132 mulierum
807 1092 868 1132 non
896 1074 1028 1133 surrexit
1053 1075 1148 1153 major
1174 1075 1313 1136 Jchannc

109 1172 256 1250 Baptista.

115 1267 142 1327 V.
166 1268 240 1326 Fuit
251 1267 340 1325 homo
352 1266 491 1331 missust
505 1266 579 1341 Deo,
594 1266 642 1325 cui
655 1285 764 1325 nomen
777 1272 842 1326 erat
851 1267 874 1326 J
874 1267 1013 1329 ohannes.

170 1364 280 1424 Oratio.
323 1363 480 1441 Perpetuis
510 1383 573 1436 nos,
599 1362 737 1436 Domine,
758 1364 855 1423 sancti
883 1364 1032 1424 Johannis
1058 1364 1203 1444 Baptistae
1230 1373 1314 1427 tuere

107 1461 251 1541 praesidiis
260 1459 312 1539 (eet
325 1461 360 1519 in
373 1459 493 1520 Mioooli
505 1461 540 1519 in
553 1459 627 1538 die).

167 1559 400 1638 Reapcusoriuoa
444 1557 717 1617 Circumdederunt.

414 1787 464 1844 Dr
484 1801 600 1846 smero
619 1784 771 1843 Jcnsrrn
792 1800 1013 1844 nvruennrsrn.

166 1891 345 1969 Antiphone

168 2004 244 2063 Ecce
256 2024 310 2081 ego
329 2003 484 2063 lohannes
497 2002 561 2060 vidi
574 2002 684 2061 ostium
704 2006 840 2077 apertum
853 2003 886 2059 in
900 2001 979 2075 caelo,
994 2006 1026 2060 ct
1038 2021 1103 2061 ecce
1116 2003 1199 2062 sedes
1215 2005 1312 2081 posite

107 2106 171 2158 erat
188 2101 221 2157 in
234 2119 278 2172 eo,
293 2106 324 2158 ct
337 2100 371 2157 in
388 2099 486 2156 medio
500 2099 577 2156 sedis
595 2104 626 2156 ct
643 2098 678 2155 in
690 2097 817 2156 circuitu
833 2098 898 2175 ejus
915 2103 1058 2175 quattuor
1071 2099 1211 2158 animalia
1224 2100 1311 2176 plena

107 2197 199 2255 oculis
220 2203 291 2255 ante
309 2203 341 2256 et
360 2203 440 2255 retro
449 2217 458 2269 ;
479 2202 510 2254 et
530 2196 642 2254 dabant
661 2195 786 2272 gloriam
806 2200 838 2253 et
856 2196 999 2254 honorem
1022 2202 1054 2254 ct
1076 2197 1312 2257 benedictionem

107 2294 222 2354 sedenti
235 2313 325 2370 super
336 2295 479 2351 thronum
493 2294 609 2351 virenti
622 2293 655 2351 in
668 2291 775 2351 saecula
787 2292 968 2352 saeeulorum.

114 2392 142 2451 V.
166 2390 264 2449 Valde
284 2391 473 2451 honorandus
491 2411 531 2465 es,
544 2392 631 2450 beate
651 2391 813 2463 Johanncs,
828 2391 882 2468 qui
902 2410 991 2470 super
1010 2398 1113 2469 pectus
1135 2393 1258 2452 Domini
1279 2395 1312 2453 in

107 2509 180 2550 cena
193 2490 363 2549 recubuisti

170 2587 279 2647 Oratio.
323 2587 485 2647 Ecclesiam
498 2585 551 2665 (et
563 2586 598 2645 in
611 2585 731 2645 Mateoli
743 2585 778 2644 in
791 2585 865 2664 doe).

456 2818 506 2876 Dr
526 2832 640 2878 asuero
660 2818 784 2893 Tuom,
805 2835 958 2882 nnuman

167 2925 345 3002 Antiphone.

431 3005 537 3064 Pastor
550 3025 641 3065 coesus
654 3007 688 3064 in
696 3007 794 3085 gregis
806 3007 905 3066 medio

431 3103 538 3162 Pacem
552 3105 625 3162 emit
638 3105 751 3163 cruoris
764 3106 867 3182 pretio.

432 3199 458 3258 Ο
471 3201 558 3258 laetus
571 3201 663 3272 dolor,
678 3201 712 3258 in
725 3201 807 3259 tristi
819 3201 928 3279 gaudio

429 3297 511 3355 Grex
524 3298 650 3374 respirat
664 3305 781 3374 pastore
794 3303 913 3356 mortuo
923 3318 933 3370 ;

429 3392 578 3470 Plangens
591 3393 709 3470 plaudit
722 3397 818 3450 mater
830 3393 864 3450 in
878 3392 965 3468 Filio,

430 3490 509 3561 Quia
520 3490 599 3548 vivit
611 3491 708 3547 victor
720 3491 775 3548 sub
788 3489 894 3566 gladio.

112 3589 142 3648 V.
165 3587 268 3647 Gloria
281 3593 313 3645 et
325 3587 437 3646 honore
450 3586 598 3645 coronasti
610 3605 687 3659 eum,
703 3585 840 3644 Domine.

168 3686 209 3743 Et
222 3685 404 3743 constituisti
419 3704 487 3741 eum
501 3703 591 3760 super
604 3702 692 3761 opere
705 3702 849 3741 manuum
862 3687 991 3741 tuarum.

168 3781 277 3840 Oratio.
320 3781 411 3852 Dens,
426 3800 480 3857 pro
494 3781 578 3856 cujus
592 3779 723 3838 Ecclesia
736 3779 788 3856 (ut
801 3780 836 3838 in
848 3779 969 3838 Misaali
981 3779 1016 3838 in
1029 3780 1102 3859 dre).

166 3877 399 3955 Responcootum.
443 3877 718 3935 Circumdederunt.

450 4094 501 4151 Dn
520 4109 635 4152 mucro
655 4092 678 4151 J
679 4109 785 4168 acono,
807 4109 966 4155 srosrcro.

166 4189 347 4265 Antiphone.

167 4285 255 4344 Beati
276 4286 360 4346 eritis
377 4307 445 4346 cum
469 4308 523 4347 vos
546 4289 663 4348 oderint
685 4290 821 4350 homines
842 4298 874 4351 et
900 4310 969 4351 cnm
989 4290 1191 4370 separaverint
1212 4314 1264 4354 vos
1278 4304 1308 4355 et

105 4384 352 4461 exprobraverint
375 4392 406 4445 et
429 4377 570 4463 ejecerint
596 4406 706 4447 nomen
732 4394 867 4448 vestrum
893 4396 1036 4468 tanquam
1056 4389 1170 4450 malum
1189 4399 1310 4471 propter
