3022 4966
220 306 279 368 20*
485 390 487 395 ,
570 306 736 372 Manuale
751 306 916 373 adesam
929 308 1065 375 Sarum

217 470 258 527 Et
272 470 401 547 Spiritus
415 472 535 530 Sancti:
557 472 661 530 deiram
674 481 779 547 quarto
793 473 885 548 daeo
901 473 1008 547 dicem,
1023 473 1131 532 Amen.
1174 472 1281 550 Ibique
1295 473 1439 533 dimittat

215 551 371 621 annulum,
386 553 460 627 qnia
473 554 507 610 in
525 553 633 610 medico
653 561 694 610 est
713 553 848 628 quadam
868 573 942 613 vena
957 555 1115 630 procederes
1135 574 1226 630 aeque
1247 555 1294 612 ad
1312 575 1388 625 σον,Ι
1410 566 1438 615 et

213 631 248 688 in
269 633 424 689 sonoritate
446 633 560 706 arpenti
582 632 754 708 desiqnatur
775 634 893 692 interna
914 634 1037 708 dilanio,
1061 655 1126 711 qua
1147 655 1258 711 semper
1281 635 1367 694 inter
1390 657 1439 696 eos

214 710 292 769 debet
305 732 362 769 eree
375 712 498 770 recena*

274 792 389 849 Deinde
402 792 554 850 inclinatis
571 813 671 851 eornm
685 794 837 870 capitibus,
852 795 931 853 duat
944 794 1085 855 Sacerdos
1099 795 1329 855 benedictionem
1343 817 1438 874 serpet·

216 890 281 931 eos:

275 952 553 1033 Benedictifflsitis
566 973 585 1010 a
599 954 737 1025 Domino,
752 955 804 1030 qni
817 954 889 1012 fecit
902 957 1048 1014 mundum
1062 976 1100 1015 ex
1114 955 1216 1013 nihilo.
1261 958 1378 1016 Amen.

272 1032 379 1091 Postea
392 1034 509 1090 dicatur
522 1034 574 1091 iste
587 1034 727 1092 Psalmua
740 1055 858 1110 sequens
872 1035 924 1093 hoo
936 1039 1043 1095 inodo:

273 1112 394 1185 Manda,
411 1113 503 1186 Deus,
517 1124 543 1170 et
557 1123 647 1172 cetera
660 1124 695 1171 ut
707 1135 809 1192 supra,
825 1137 853 1192 p.
873 1117 919 1175 28.

275 1192 379 1251 Gloria
391 1194 484 1251 Patri.
529 1195 614 1252 Siout
627 1202 699 1255 erat.

275 1273 371 1348 Kys-ie
385 1275 510 1349 eleyson
555 1275 672 1333 Christe
686 1276 811 1350 eleyson.
857 1275 954 1353 Kyrie
967 1276 1093 1354 eleyson.

275 1353 366 1410 Pater
379 1361 486 1414 noster.
531 1354 572 1411 Et
585 1375 622 1412 ne
636 1375 697 1414 nos
742 1356 799 1414 Sed
813 1356 913 1414 libem.

275 1434 487 1491 Benedioamus
501 1434 629 1492 Patrem.

274 1514 443 1572 Laudemus
457 1515 628 1572 Dominum.

274 1593 412 1666 Domine,
428 1595 543 1652 exaudi.

273 1673 420 1732 Dominus
434 1675 593 1733 vobiscum.
637 1676 770 1735 Oremus.

271 1755 354 1812 Deus
368 1756 530 1827 Abraham,
545 1766 572 1814 et
586 1765 676 1815 cetera
690 1768 838 1833 altamira,
853 1777 880 1833 p.
899 1759 944 1815 28.

271 1835 343 1892 Alia
358 1836 459 1895 Oratio
473 1857 540 1894 eam
555 1837 688 1895 Oremus.

269 1915 546 1996 Benev1<dioatvos
561 1917 643 1976 Deus
657 1918 755 1990 Pater,
771 1918 918 1975 custodiat
931 1938 984 1976 ros
996 1919 1018 1976 J
1019 1937 1085 1976 esus
1102 1917 1248 1992 Christus,
1264 1920 1425 1980 illuminet

208 2016 261 2054 voe
286 1998 416 2073 Spiritus
443 1999 576 2055 Sanetus.
629 1998 775 2056 Ostendat
802 1998 950 2055 Dominus
976 1999 1081 2056 faciem
1108 2019 1192 2057 suam
1219 2000 1253 2056 in
1277 2001 1367 2058 vobis
1392 2011 1425 2060 et

208 2079 382 2134 misereatur
402 2080 502 2136 vestri.
550 2078 713 2136 Convertat
736 2079 883 2136 Dominus
905 2079 1024 2136 vultum
1046 2099 1131 2137 suum
1153 2080 1191 2136 ad
1213 2099 1283 2138 vos:
1315 2089 1348 2139 et
1371 2084 1425 2141 det

207 2158 292 2215 vobis
320 2178 439 2235 paoem:
467 2159 648 2235 impleatque
670 2178 723 2216 vos
745 2160 827 2216 omni
848 2160 1052 2217 benedictione
1074 2159 1233 2236 spirituali,
1255 2160 1289 2218 in
1317 2164 1424 2220 remis-

207 2238 320 2295 sionem
341 2241 475 2296 omnium
495 2245 680 2315 peecatomm
702 2245 867 2297 vestrorum
887 2247 923 2297 ut
944 2240 1076 2298 habeatis
1097 2241 1191 2297 vitam
1212 2247 1370 2316 aeternam,
1391 2252 1425 2302 et

208 2318 317 2376 vivatis
332 2320 363 2377 in
377 2319 482 2377 saecula
495 2320 676 2377 saeculorum.
719 2320 827 2377 Amen.

268 2399 327 2457 Hic
340 2401 450 2458 intrent
465 2401 623 2458 Ecclesiam
637 2420 727 2476 enque
741 2402 781 2458 ad
793 2402 922 2475 qradnrn
935 2401 1057 2458 altaris:
1078 2409 1103 2458 et
1117 2400 1257 2459 Sacerdos
1271 2402 1308 2459 in
1323 2407 1425 2463 enredo

206 2498 272 2536 enm
286 2480 348 2537 ereio
362 2481 508 2538 niinrstria
521 2481 600 2538 dieat
613 2480 691 2538 hurso
705 2480 860 2540 Psalmane
873 2492 1033 2557 sequentem
1046 2506 1055 2540 .-

268 2559 355 2616 Beati
370 2581 479 2630 omnes,
495 2571 521 2618 et
535 2570 626 2619 cetera
639 2562 707 2637 (Pr.
723 2562 846 2639 cxxvii.)

270 2641 372 2696 (lluria
388 2642 479 2697 Patri.
524 2641 607 2698 Sicut
621 2650 691 2698 erat.

269 2720 339 2776 ›S'ine
355 2731 431 2791 nota,
448 2742 521 2791 ceriti,

269 2800 365 2873 Kyriu
379 2802 503 2874 eleyson.
548 2801 665 2857 Christe
680 2803 804 2876 eleyson.
850 2804 945 2878 Kyrie
960 2805 1084 2879 eleyson.

268 2880 351 2934 Tan
367 2880 526 2953 prostratis
545 2900 648 2953 sponso
663 2891 688 2937 et
702 2903 807 2956 sponsa
822 2895 888 2940 arde
901 2886 1030 2959 yrcutrnn
1051 2883 1162 2952 attaris,
1178 2892 1257 2958 roqet
1271 2884 1423 2948 Sacerdos

205 2958 424 3015 circumstantes
437 2981 520 3016 orare
531 2981 586 3033 pro
601 2961 649 3028 eia,
665 2962 785 3018 dicemlo
798 2986 806 3019 :

268 3039 358 3094 Pater
371 3047 477 3096 nester.
523 3040 563 3095 Et
578 3061 615 3095 no
629 3061 689 3097 nos.
734 3043 790 3098 Sed
807 3045 906 3102 libera.

267 3119 388 3175 Salvum
405 3120 449 3176 fae
464 3140 582 3175 serrum
596 3129 683 3177 tuum
698 3128 727 3177 ot
741 3125 878 3179 ancilium
895 3134 984 3181 tuam.

268 3199 359 3256 Mitte
374 3202 425 3270 eis,
442 3201 578 3270 Dmnme,
594 3203 739 3257 auxilium
755 3203 790 3259 do
805 3211 913 3262 stricte.

268 3280 340 3337 Esto
356 3282 405 3349 eis,
423 3282 559 3352 Domine,
575 3283 667 3338 turris
681 3284 873 3341 firrtiimlinis.

268 3363 405 3432 Domino,
422 3363 529 3419 exaudi
544 3383 645 3420 recma
660 3384 763 3421 meam.

269 3443 416 3501 Dominus
430 3445 588 3501 vobiscum.

270 3526 401 3584 Oremus.
445 3524 553 3584 Oratio

268 3607 428 3662 Benedicat
447 3626 498 3662 vos
520 3605 667 3663 Dominus
688 3626 725 3663 ex
747 3606 826 3674 Sion,
841 3613 876 3662 ut
891 3606 1015 3663 videatis
1037 3627 1101 3681 qum
1119 3607 1195 3663 bona
1215 3613 1287 3662 sunt
1303 3607 1417 3668 Hieru-

207 3686 296 3742 salem
312 3688 447 3742 omnibus
462 3688 564 3743 diebus
578 3688 648 3742 vitm
663 3694 787 3744 restria:
809 3694 838 3743 et
854 3688 979 3743 videatis
999 3687 1075 3743 filios
1096 3687 1224 3743 filiorum
1244 3694 1417 3748 vestrorum

206 3774 236 3823 et
250 3786 349 3841 pacem
365 3787 453 3842 super
467 3767 567 3824 Israel.
612 3768 670 3823 Por
685 3767 836 3824 Christum
852 3768 1014 3824 Dominum
1029 3774 1171 3824 nostrum.

269 3847 400 3903 Oramus.
447 3847 554 3904 Oratio.

268 3927 350 3983 Deus
375 3927 536 3998 Abraham,
563 3928 645 3984 Dous
670 3928 761 3996 Isaac,
786 3929 869 3985 Deus
892 3929 996 4000 Jacob,
1019 3927 1187 4007 boneffldio
1212 3928 1417 3989 adolescentes

207 4008 294 4064 istos:
318 4015 348 4063 et
370 4009 481 4063 sennua
504 4028 602 4064 semen
625 4009 694 4065 vitm
717 4016 833 4065 ueterum
856 4010 888 4065 in
910 4010 1060 4066 mentibus
1080 4029 1189 4076 eorum,
1212 4015 1247 4064 ut
1267 4011 1416 4086 quicquid

206 4107 259 4162 pro
282 4088 412 4143 utilitate
435 4107 488 4143 sira
510 4088 676 4159 didicerint,
690 4089 745 4145 hoo
767 4091 862 4147 faeere
884 4091 1013 4165 cupiant.
1057 4090 1115 4146 Per
1128 4091 1232 4146 Jesum
1255 4089 1413 4150 Christum

299 4331 517 4388 als-“mne
529 4334 667 4408 procidat
685 4354 790 4409 picena
808 4344 874 4393 atate
888 4335 974 4411 pedes
987 4335 1056 4411 ipris,
1073 4344 1098 4392 ct
1112 4332 1290 4392 deosculetur
1304 4336 1412 4407 pedem

205 4410 267 4487 ejne
281 4412 415 4468 ‹leanmn
423 4432 435 4481 ,⁴
458 4421 527 4471 tane
540 4414 632 4488 crient
646 4434 709 4473 eane
722 4415 869 4490 spoenne.’'
