3022 4966
520 337 695 424 Exsequioe
716 336 971 425 Defunctorum.

209 501 388 579 Aeetipboao.

167 619 1030 656 „—·
1056 622 1162 657 Ι-ι-
1186 624 1198 657 ι

168 658 1114 735 'm'

207 773 402 848 Ex-au·di,
427 775 619 846 Domi-ne,
654 776 844 833 o·-ra-ti-
866 795 979 834 o-ncm
1006 784 1165 835 mo·am:
1280 777 1318 834 ad

150 965 796 1096 Ἦ

197 1132 228 1184 te
262 1128 385 1184 omnis
424 1146 537 1185 ott-ro
574 1129 734 1186 vc·ni-ct.

214 1285 394 1361 Aectc'plwna.

205 1577 257 1635 Me
284 1598 392 1636 sus-co
416 1614 427 1623 -
450 1613 461 1624 ·
485 1580 537 1655 pit.
792 1532 1355 1679 Q

877 1706 1042 1764 E-V-O
1061 1705 1189 1762 -v-A
1211 1742 1221 1750 -
1244 1706 1280 1762 E.

209 1788 350 1847 Paatmuo
362 1788 466 1866 (tati.)

212 1886 294 1943 Deus
308 1887 390 1946 Deus
403 1906 495 1958 mous,
510 1885 548 1943 ad
561 1894 592 1943 te
606 1885 641 1944 de
656 1884 720 1944 luce
733 1884 834 1962 vigilo.

212 1981 318 2040 Sitivit
331 1983 364 2039 in
378 1989 409 2041 te
423 1983 524 2041 anima
537 2001 610 2052 mea,
625 2002 713 2057 quam
727 1981 935 2057 multiplieiter
948 1981 1005 2038 tibi
1019 2000 1086 2038 caro
1100 1999 1172 2037 mea

213 2078 252 2135 In
265 2086 347 2136 terra
360 2079 483 2152 deserta,
498 2085 529 2136 et
542 2078 634 2151 invia,
649 2085 680 2136 et
693 2079 844 2154 inaquosa,
859 2077 901 2134 sic
922 2077 954 2135 in
974 2082 1075 2134 sancto
1096 2075 1220 2153 apparui
1240 2075 1306 2147 tibi,
1321 2080 1356 2130 ut

154 2173 285 2231 viderem
298 2175 442 2232 virtutem
456 2181 549 2246 tuam,
566 2180 597 2231 et
610 2174 735 2251 gloriam
749 2179 840 2232 tuam.
1089 2160 1091 2165 ¹

218 2271 367 2341 Quoniam
379 2272 484 2329 molior
503 2277 548 2329 est
568 2270 768 2346 misericordia
787 2276 842 2327 tua
861 2288 949 2345 super
968 2270 1066 2327 vitas:
1087 2268 1167 2327 labia
1181 2287 1246 2325 mea
1258 2266 1358 2326 lauda·

156 2368 234 2424 bunt
247 2373 285 2424 te.

216 2463 266 2522 sio
279 2464 451 2522 benedicam
464 2470 495 2522 te
508 2464 541 2522 in
554 2464 619 2525 vita
632 2483 714 2522 mea:
735 2463 811 2521 etin
824 2461 944 2520 nomine
957 2468 1009 2521 tuo
1023 2462 1126 2519 levabo
1141 2480 1245 2519 manus
1258 2480 1345 2518 meas.

216 2560 302 2619 Sicut
323 2561 410 2638 adipe
432 2567 463 2619 et
484 2560 664 2638 pinguedine
686 2559 836 2636 repleatur
857 2559 957 2617 anima
976 2578 1060 2617 mea:
1088 2564 1119 2616 et
1138 2557 1225 2616 labiis
1245 2557 1358 2615 exulta-

154 2658 246 2716 tionis
259 2658 395 2716 laudabit
409 2677 440 2716 οε
454 2677 561 2717 mcum.

215 2754 248 2825 Si
261 2773 376 2813 memor
388 2754 433 2811 fui
447 2754 494 2811 tui
507 2772 596 2830 super
609 2757 737 2811 stratum
751 2771 859 2824 mcum,
874 2752 907 2811 in
921 2752 1078 2812 matutinis
1091 2753 1257 2811 meditabor
1270 2752 1302 2810 in
1315 2759 1354 2826 te,

154 2852 226 2928 quio
238 2851 322 2909 fuisti
336 2851 456 2928 adjutor
470 2870 561 2910 meus.

216 2948 258 3005 Et
270 2948 303 3005 in
316 2948 483 3005 velamento
505 2947 619 3006 alarum
641 2954 761 3005 tuarum
783 2947 932 3018 exultabo,
948 2947 1072 3006 adhaesit
1092 2947 1191 3006 anima
1209 2967 1275 3005 mea
1289 2952 1356 3023 post

154 3054 206 3118 tc;
225 3064 272 3102 me
285 3045 413 3121 suscepit
423 3044 546 3102 dextera
560 3052 619 3102 tua

217 3137 281 3215 Ipsi
302 3158 372 3195 vero
394 3137 427 3195 in
448 3157 559 3194 vanum
581 3137 763 3214 quaesierunt
786 3138 916 3196 animam
938 3158 1042 3209 meam,
1066 3137 1236 3195 introibunt
1257 3136 1289 3192 in
1312 3134 1356 3190 in-

155 3235 264 3295 feriora
276 3241 371 3307 terrae,
387 3235 545 3293 tradentur
559 3235 590 3292 in
605 3255 710 3293 manus
722 3235 822 3312 gladii,
838 3242 938 3313 partes
953 3236 1088 3313 vulpium
1101 3241 1198 3292 erunt.

217 3331 286 3390 Rex
302 3350 372 3389 vcro
393 3329 543 3388 lactabitur
562 3329 596 3387 in
618 3330 693 3403 Deo,
708 3330 912 3389 laudabuntur
930 3350 1031 3388 omnes
1052 3331 1105 3407 qui
1124 3331 1229 3406 jurant
1251 3329 1283 3385 in
1305 3345 1339 3383 eo
1350 3347 1358 3398 3
1461 3385 1464 3391 ,

156 3428 228 3505 quia
241 3428 427 3485 obstructum
441 3433 486 3484 cst
499 3446 531 3485 os
544 3426 730 3503 loquentium
744 3427 854 3504 iniqua.

218 3524 374 3600 (Pedianus
388 3523 474 3600 lxvi.)

220 3620 303 3679 Deus
322 3621 497 3679 misercatur
515 3620 619 3695 nostri,
634 3628 665 3679 et
678 3621 832 3679 benedicat
852 3621 953 3679 nobis:
975 3619 1126 3678 illuminet
1139 3618 1258 3676 vultum
1271 3635 1356 3672 suuni

156 3738 247 3796 super
259 3736 323 3789 nos,
337 3722 368 3775 et
381 3717 557 3775 misereatur
569 3716 671 3776 nostri.

218 3814 265 3873 Ut
278 3832 484 3890 cognoscamus
497 3813 530 3870 in
544 3819 624 3871 terra
637 3813 716 3871 viam
737 3819 839 3872 tuam:
861 3814 893 3870 in
914 3813 1051 3871 omnibus
1071 3810 1209 3887 gentibus
1230 3809 1358 3866 salutare

157 3919 253 3971 tuum.
622 3914 626 3926 '

219 4008 426 4067 Confiteantur
438 4008 496 4066 tibi
509 4008 620 4086 popuii,
636 4008 737 4081 Deus;
758 4009 955 4066 confiteantur
968 4006 1024 4064 tibi
1038 4004 1141 4082 populi
1155 4023 1264 4062 omnes,

219 4105 384 4179 Laetcntur,
400 4111 432 4163 et
447 4105 585 4163 exultent
604 4112 715 4182 gentes,
731 4105 871 4180 quoniam
887 4102 1005 4178 judicas
1026 4100 1150 4177 populos
1163 4101 1195 4158 in
1210 4101 1361 4177 aequitate,

158 4210 190 4263 et
202 4209 306 4281 gentes
319 4202 352 4260 in
366 4209 446 4260 terra
459 4201 570 4279 dirigis.

220 4299 429 4358 Confiteantur
440 4299 498 4356 tibi
511 4298 622 4376 populi,
637 4299 729 4369 Deus,
745 4296 944 4354 confiteantur
957 4294 1014 4352 tibi
1027 4292 1130 4369 populi
1143 4310 1263 4351 omnes:
1282 4299 1362 4352 tenu

159 4397 243 4458 dedit
256 4398 387 4457 fructum
402 4416 496 4456 suum.
