3022 4966
18 1714 23 1723 ·
108 1674 262 1732 Mutum
281 1690 407 1730 melenus
425 1675 575 1730 ECCIAESIAE
593 1676 829 1730 Enonncnnsls—

177 1759 254 1816 Ordo
265 1760 302 1815 nd
312 1760 468 1815 faciendam
480 1778 579 1832 aquam
592 1759 766 1815 benedictam
839 1791 851 1801 ·
957 1790 968 1801 ·
1074 1790 1085 1798 -
1191 1788 1202 1798 ·

79 1896 82 1901 .
177 1846 252 1902 Ordo
264 1846 300 1902 ad
312 1847 538 1902 catechumenum
550 1847 707 1901 faciendum
956 1877 967 1886 -
1073 1876 1084 1886 -
1191 1877 1203 1887 .

176 1922 337 1989 Benedictio
348 1934 437 1989 fontis
486 1961 1202 1977 .......

175 2019 260 2075 Ritus
270 2019 430 2091 baptizandi
487 2049 1202 2062 .......

174 2105 260 2161 Ritus
269 2104 429 2176 baptimndi
443 2107 472 2159 in
485 2107 645 2160 necessitate

10 2228 12 2239 ·
126 2196 130 2201 ”
174 2189 252 2246 Ordo
262 2189 299 2244 ad
310 2191 440 2249 iacienda
448 2191 587 2260 sponsalia

175 2272 251 2328 Ordo
262 2272 299 2328 ad
310 2273 482 2327 visitandum
493 2274 634 2327 infirmnm

124 2398 128 2406 .
174 2356 355 2414 Deextremn
366 2359 496 2412 unctione

128 2445 132 2451 '
173 2442 385 2499 Commendatio
396 2444 552 2498 animarum
602 2471 1199 2486 ......

173 2527 526 2600 Exsequioedefunctorum
599 2559 1198 2572 ......

171 2615 432 2671 Commendationen
446 2622 619 2671 momuorum

171 2701 333 2757 Inhumntio
344 2702 470 2758 defuncti

126 2794 130 2803 '
171 2787 333 2844 Benedictio
344 2787 578 2860 panisindiebun
588 2788 744 2844 Dominicis
832 2819 842 2829 ·
948 2820 959 2828 -
1065 2817 1077 2830 ·

111 2936 116 2944 ,
168 2874 331 2930 Benedictio
342 2893 415 2947 perae
428 2881 457 2930 et
467 2875 558 2931 baculi
594 2904 1193 2920 ------

118 2974 120 2979 '
168 2961 291 3018 Proiter
301 2962 450 3034 agentibus
478 2991 1193 3007 .......

1253 2447 1288 2499 55

1252 2533 1287 2585 60

1250 2620 1286 2671 92

1249 2708 1284 2759 95

1183 2818 1194 2830 ·
1232 2793 1284 2845 103

1235 2874 1276 2931 ab.

121 3051 124 3055 ’
168 3048 328 3105 Benedictio
339 3050 428 3105 erucis
439 3054 468 3104 et
480 3067 575 3104 eornm
588 3051 637 3120 qni
649 3051 679 3104 in
691 3050 869 3105 Hierusalem
879 3049 1091 3120 proficiscuntur
1180 3077 1191 3088 ·
1243 3049 1249 3060 '

237 3175 254 3203 „
337 3135 418 3207 clipei
430 3140 460 3190 et
469 3134 561 3190 baculi
576 3136 697 3190 hominis
708 3134 905 3206 proficiscentis
919 3134 954 3190 ad
967 3133 1091 3189 duellum
1180 3162 1191 3173 -

237 3261 254 3289 ,‚
337 3239 421 3292 snper
432 3221 555 3276 fructum
568 3238 670 3276 novum
711 3250 1190 3262 -----

237 3346 254 3374 „
336 3323 482 3377 pomorum
590 3338 602 3350 .
708 3336 719 3348 .
825 3337 836 3347 .
885 3302 889 3308 '
943 3336 954 3348 .
1060 3336 1070 3346 .
1177 3339 1187 3348 .

234 3428 252 3461 „
341 3390 729 3462 superbutymmetcmum
825 3421 837 3433 ·
942 3421 954 3434 ·
1061 3422 1070 3432 -
1177 3421 1188 3431 -

235 3515 253 3546 ‚,
341 3493 425 3549 super
434 3483 533 3548 potum
544 3479 762 3549 qualemcunque
773 3479 818 3534 vel
830 3478 922 3534 eibum

234 3600 252 3631 ‚,
340 3561 499 3617 addomum
512 3580 614 3617 novam

234 3687 252 3717 „
341 3648 482 3704 inhorm

233 3771 251 3803 „
264 3739 267 3745 '
340 3732 376 3788 ad
388 3733 481 3789 omnia
491 3751 553 3806 qnae
565 3735 686 3790 volueris
706 3766 1185 3780 -----

232 3857 251 3890 ,‚
338 3819 546 3876 sauzetcarnn
588 3850 1184 3865 ......

231 3944 249 3977 „
338 3905 573 3978 eleemosynarum
583 3924 635 3978 pro
647 3908 736 3963 saluto
747 3908 877 3963 vivorum
937 3936 949 3950 ·
1056 3937 1066 3947 ·

232 4031 249 4063 ,‚
338 3992 574 4064 eleemosynarum
585 4011 636 4064 pro
648 3993 787 4049 defunctis
822 4026 834 4038 ·
939 4023 950 4033 ·
1057 4025 1067 4035 -

74 4064 84 4085 ·
161 4077 432 4135 nnenmve,
470 4107 1185 4124 .......

161 4165 197 4221 1n
210 4164 572 4222 sanctosnbnonmnae

116 4283 119 4289 ·
159 4251 344 4324 Evangelinm
355 4251 523 4306 Nativitatin
534 4251 650 4305 Domini
702 4280 1183 4295 .....

159 4339 343 4412 Evtngelinm
354 4339 385 4394 in
397 4339 583 4409 Conoeptione
593 4337 683 4393 beatoe
694 4339 796 4395 Mariae

110 4444 118 4461 ⁸
150 4423 202 4482 *De
212 4425 408 4495 Anthemu,
419 4424 468 4481 the
479 4424 567 4480 Great
578 4423 699 4497 Cursing

1174 3909 1273 3962 -109

1175 3992 1257 4048 -ib

1233 3303 1268 3359 ib.

1229 3689 1265 3790 n]

1228 3820 1264 3876 ib.

1223 4034 1274 4135 10'9

1222 4171 1270 4221 111

1221 4256 1272 4311 117

1172 4373 1182 4384 ·
1220 4345 1271 4396 118

1173 4454 1183 4467 ·
1221 4430 1273 4484 119
