<?xml version="1.0" encoding="UTF-8"?>
<!DOCTYPE html PUBLIC "-//W3C//DTD XHTML 1.0 Transitional//EN"
    "http://www.w3.org/TR/xhtml1/DTD/xhtml1-transitional.dtd">
<html xmlns="http://www.w3.org/1999/xhtml" xml:lang="en" lang="en">
 <head>
  <title>
</title>
<meta http-equiv="Content-Type" content="text/html;charset=utf-8" />
  <meta name='ocr-system' content='tesseract 3.04.00' />
  <meta name='ocr-capabilities' content='ocr_page ocr_carea ocr_par ocr_line ocrx_word'/>
</head>
<body>
  <div class='ocr_page' id='page_1' title='image "./manualeetproces00minsgoog_0040.png"; bbox 0 0 3022 4966; ppageno 0'>
   <div class='ocr_carea' id='block_1_1' title="bbox 423 301 1372 373">
    <p class='ocr_par' dir='ltr' id='par_1_1' title="bbox 423 301 1372 373">
     <span class='ocr_line' id='line_1_1' title="bbox 423 301 1372 373; baseline 0.005 -5"><span class='ocrx_word' id='word_1_1' title='bbox 423 301 513 368; x_wconf 84' lang='lat' dir='ltr'>Ordo</span> <span class='ocrx_word' id='word_1_2' title='bbox 535 302 582 368; x_wconf 84' lang='lat' dir='ltr'>od</span> <span class='ocrx_word' id='word_1_3' title='bbox 605 302 886 371; x_wconf 78' lang='lat' dir='ltr'>Ootcctamcawoa</span> <span class='ocrx_word' id='word_1_4' title='bbox 905 304 1125 372; x_wconf 70' lang='lat' dir='ltr'><strong><em>Faciendum.</em></strong></span> <span class='ocrx_word' id='word_1_5' title='bbox 1350 304 1372 373; x_wconf 86' lang='grc'><strong>7</strong></span> 
     </span>
    </p>
   </div>
   <div class='ocr_carea' id='block_1_2' title="bbox 145 483 1374 4327">
    <p class='ocr_par' dir='ltr' id='par_1_2' title="bbox 157 483 1374 659">
     <span class='ocr_line' id='line_1_2' title="bbox 224 483 1374 562; baseline 0.004 -21"><span class='ocrx_word' id='word_1_6' title='bbox 224 483 321 560; x_wconf 77' lang='lat' dir='ltr'>Sopor</span> <span class='ocrx_word' id='word_1_7' title='bbox 334 484 499 543; x_wconf 69' lang='lat' dir='ltr'>marottam</span> <span class='ocrx_word' id='word_1_8' title='bbox 516 491 634 544; x_wconf 77' lang='lat' dir='ltr'>tantam</span> <span class='ocrx_word' id='word_1_9' title='bbox 651 485 770 545; x_wconf 80' lang='lat' dir='ltr'>dicotur</span> <span class='ocrx_word' id='word_1_10' title='bbox 788 484 882 546; x_wconf 79' lang='lat' dir='ltr'>oratio</span> <span class='ocrx_word' id='word_1_11' title='bbox 902 486 970 558; x_wconf 66' lang='lat' dir='ltr'>bea,</span> <span class='ocrx_word' id='word_1_12' title='bbox 984 505 1079 545; x_wconf 79' lang='lat' dir='ltr'>mona</span> <span class='ocrx_word' id='word_1_13' title='bbox 1094 485 1260 546; x_wconf 67' lang='lat' dir='ltr'><strong><em>Sacerdotis</em></strong></span> <span class='ocrx_word' id='word_1_14' title='bbox 1276 503 1374 562; x_wconf 64' lang='lat' dir='ltr'>uapor</span> 
     </span>
     <span class='ocr_line' id='line_1_3' title="bbox 157 580 1231 659; baseline -0.001 -20"><span class='ocrx_word' id='word_1_15' title='bbox 157 580 265 657; x_wconf 78' lang='lat' dir='ltr'>posito.</span> <span class='ocrx_word' id='word_1_16' title='bbox 311 580 446 639; x_wconf 88' lang='lat' dir='ltr'>Oremus.</span> <span class='ocrx_word' id='word_1_17' title='bbox 1227 652 1231 659; x_wconf 92' lang='lat'>.</span> 
     </span>
    </p>

    <p class='ocr_par' dir='ltr' id='par_1_3' title="bbox 160 676 1371 1242">
     <span class='ocr_line' id='line_1_4' title="bbox 224 676 1371 759; baseline 0.007 -26"><span class='ocrx_word' id='word_1_18' title='bbox 224 677 307 735; x_wconf 84' lang='lat' dir='ltr'>Deus</span> <span class='ocrx_word' id='word_1_19' title='bbox 320 676 483 751; x_wconf 84' lang='lat' dir='ltr'>Abraham,</span> <span class='ocrx_word' id='word_1_20' title='bbox 499 678 581 737; x_wconf 90' lang='lat' dir='ltr'>Deus</span> <span class='ocrx_word' id='word_1_21' title='bbox 595 679 688 753; x_wconf 81' lang='lat' dir='ltr'>Isaac,</span> <span class='ocrx_word' id='word_1_22' title='bbox 698 681 781 739; x_wconf 86' lang='lat' dir='ltr'>Deus</span> <span class='ocrx_word' id='word_1_23' title='bbox 794 681 899 755; x_wconf 82' lang='lat' dir='ltr'><strong>Jacob,</strong></span> <span class='ocrx_word' id='word_1_24' title='bbox 915 682 998 740; x_wconf 91' lang='lat' dir='ltr'>Deus</span> <span class='ocrx_word' id='word_1_25' title='bbox 1011 682 1065 759; x_wconf 90' lang='lat' dir='ltr'>qui</span> <span class='ocrx_word' id='word_1_26' title='bbox 1079 681 1180 758; x_wconf 85' lang='lat' dir='ltr'>Moysi</span> <span class='ocrx_word' id='word_1_27' title='bbox 1192 681 1304 740; x_wconf 72' lang='lat' dir='ltr'>famulo</span> <span class='ocrx_word' id='word_1_28' title='bbox 1317 688 1371 741; x_wconf 90' lang='lat' dir='ltr'>tuo</span> 
     </span>
     <span class='ocr_line' id='line_1_5' title="bbox 161 774 1369 855; baseline 0.004 -23"><span class='ocrx_word' id='word_1_29' title='bbox 161 775 195 832; x_wconf 87' lang='lat' dir='ltr'>in</span> <span class='ocrx_word' id='word_1_30' title='bbox 219 780 321 831; x_wconf 90' lang='lat' dir='ltr'>monte</span> <span class='ocrx_word' id='word_1_31' title='bbox 342 774 426 833; x_wconf 88' lang='lat' dir='ltr'>Sinai</span> <span class='ocrx_word' id='word_1_32' title='bbox 451 775 625 852; x_wconf 78' lang='lat' dir='ltr'>apparuisti,</span> <span class='ocrx_word' id='word_1_33' title='bbox 646 783 677 834; x_wconf 92' lang='lat' dir='ltr'>et</span> <span class='ocrx_word' id='word_1_34' title='bbox 697 776 774 834; x_wconf 88' lang='lat' dir='ltr'>filios</span> <span class='ocrx_word' id='word_1_35' title='bbox 798 776 892 836; x_wconf 87' lang='lat' dir='ltr'>Israel</span> <span class='ocrx_word' id='word_1_36' title='bbox 914 779 951 836; x_wconf 89' lang='lat' dir='ltr'>de</span> <span class='ocrx_word' id='word_1_37' title='bbox 975 784 1056 836; x_wconf 88' lang='lat' dir='ltr'>terra</span> <span class='ocrx_word' id='word_1_38' title='bbox 1075 778 1203 855; x_wconf 81' lang='lat' dir='ltr'>AEgypti</span> <span class='ocrx_word' id='word_1_39' title='bbox 1226 778 1369 852; x_wconf 77' lang='lat' dir='ltr'>eduxisti,</span> 
     </span>
     <span class='ocr_line' id='line_1_6' title="bbox 161 871 1371 951; baseline 0.007 -23"><span class='ocrx_word' id='word_1_40' title='bbox 161 871 308 947; x_wconf 89' lang='lat' dir='ltr'>deputans</span> <span class='ocrx_word' id='word_1_41' title='bbox 329 871 372 928; x_wconf 87' lang='lat' dir='ltr'>eis</span> <span class='ocrx_word' id='word_1_42' title='bbox 392 872 531 948; x_wconf 79' lang='lat' dir='ltr'>angelum</span> <span class='ocrx_word' id='word_1_43' title='bbox 551 873 672 948; x_wconf 87' lang='lat' dir='ltr'>pietatis</span> <span class='ocrx_word' id='word_1_44' title='bbox 690 879 760 947; x_wconf 75' lang='lat' dir='ltr'>ture,</span> <span class='ocrx_word' id='word_1_45' title='bbox 775 875 828 951; x_wconf 90' lang='lat' dir='ltr'>qui</span> <span class='ocrx_word' id='word_1_46' title='bbox 846 875 1008 935; x_wconf 74' lang='lat' dir='ltr'>custodiret</span> <span class='ocrx_word' id='word_1_47' title='bbox 1025 895 1074 934; x_wconf 87' lang='lat' dir='ltr'>eos</span> <span class='ocrx_word' id='word_1_48' title='bbox 1094 876 1142 934; x_wconf 90' lang='lat' dir='ltr'>die</span> <span class='ocrx_word' id='word_1_49' title='bbox 1156 896 1191 935; x_wconf 87' lang='lat' dir='ltr'>ac</span> <span class='ocrx_word' id='word_1_50' title='bbox 1211 883 1298 935; x_wconf 82' lang='lat' dir='ltr'>nocte</span> <span class='ocrx_word' id='word_1_51' title='bbox 1308 896 1318 949; x_wconf 90' lang='lat'>;</span> <span class='ocrx_word' id='word_1_52' title='bbox 1338 882 1371 936; x_wconf 85' lang='lat' dir='ltr'>te</span> 
     </span>
     <span class='ocr_line' id='line_1_7' title="bbox 161 971 1368 1050; baseline 0.001 -21"><span class='ocrx_word' id='word_1_53' title='bbox 161 991 339 1048; x_wconf 87' lang='lat' dir='ltr'>quaesumus,</span> <span class='ocrx_word' id='word_1_54' title='bbox 365 971 503 1044; x_wconf 85' lang='lat' dir='ltr'>Domine,</span> <span class='ocrx_word' id='word_1_55' title='bbox 525 976 561 1028; x_wconf 91' lang='lat' dir='ltr'>ut</span> <span class='ocrx_word' id='word_1_56' title='bbox 587 972 706 1030; x_wconf 80' lang='lat' dir='ltr'>mittere</span> <span class='ocrx_word' id='word_1_57' title='bbox 726 972 857 1050; x_wconf 81' lang='lat' dir='ltr'>digneris</span> <span class='ocrx_word' id='word_1_58' title='bbox 876 979 1013 1031; x_wconf 83' lang='lat' dir='ltr'>sanctum</span> <span class='ocrx_word' id='word_1_59' title='bbox 1032 972 1170 1050; x_wconf 86' lang='lat' dir='ltr'>angelum</span> <span class='ocrx_word' id='word_1_60' title='bbox 1197 979 1293 1044; x_wconf 88' lang='lat' dir='ltr'>tunm,</span> <span class='ocrx_word' id='word_1_61' title='bbox 1315 973 1368 1050; x_wconf 90' lang='lat' dir='ltr'>qui</span> 
     </span>
     <span class='ocr_line' id='line_1_8' title="bbox 160 1067 1368 1146; baseline 0.002 -20"><span class='ocrx_word' id='word_1_62' title='bbox 160 1069 299 1128; x_wconf 89' lang='lat' dir='ltr'>similiter</span> <span class='ocrx_word' id='word_1_63' title='bbox 326 1068 474 1126; x_wconf 85' lang='lat' dir='ltr'>custodiat</span> <span class='ocrx_word' id='word_1_64' title='bbox 501 1074 532 1126; x_wconf 89' lang='lat' dir='ltr'>et</span> <span class='ocrx_word' id='word_1_65' title='bbox 553 1067 634 1127; x_wconf 89' lang='lat' dir='ltr'>hune</span> <span class='ocrx_word' id='word_1_66' title='bbox 660 1068 805 1126; x_wconf 77' lang='lat' dir='ltr'>famulum</span> <span class='ocrx_word' id='word_1_67' title='bbox 832 1075 920 1126; x_wconf 89' lang='lat' dir='ltr'>tuum</span> <span class='ocrx_word' id='word_1_68' title='bbox 946 1069 999 1142; x_wconf 79' lang='lat' dir='ltr'>N,</span> <span class='ocrx_word' id='word_1_69' title='bbox 1020 1075 1052 1127; x_wconf 89' lang='lat' dir='ltr'>et</span> <span class='ocrx_word' id='word_1_70' title='bbox 1078 1069 1220 1146; x_wconf 88' lang='lat' dir='ltr'>perducat</span> <span class='ocrx_word' id='word_1_71' title='bbox 1240 1088 1309 1128; x_wconf 89' lang='lat' dir='ltr'>eum</span> <span class='ocrx_word' id='word_1_72' title='bbox 1329 1069 1368 1127; x_wconf 87' lang='lat' dir='ltr'>ad</span> 
     </span>
     <span class='ocr_line' id='line_1_9' title="bbox 160 1163 873 1242; baseline 0 -18"><span class='ocrx_word' id='word_1_73' title='bbox 160 1167 290 1242; x_wconf 77' lang='lat' dir='ltr'>gratiam</span> <span class='ocrx_word' id='word_1_74' title='bbox 303 1165 446 1242; x_wconf 74' lang='lat' dir='ltr'>baptismi</span> <span class='ocrx_word' id='word_1_75' title='bbox 459 1166 513 1225; x_wconf 81' lang='lat' dir='ltr'>tui</span> <span class='ocrx_word' id='word_1_76' title='bbox 556 1164 626 1223; x_wconf 76' lang='lat' dir='ltr'>Sine</span> <span class='ocrx_word' id='word_1_77' title='bbox 640 1163 699 1223; x_wconf 90' lang='lat' dir='ltr'>Per</span> <span class='ocrx_word' id='word_1_78' title='bbox 713 1165 873 1224; x_wconf 74' lang='lat' dir='ltr'>Christum.</span> 
     </span>
    </p>

    <p class='ocr_par' dir='ltr' id='par_1_4' title="bbox 223 1261 799 1338">
     <span class='ocr_line' id='line_1_10' title="bbox 223 1261 799 1338; baseline 0.002 -20"><span class='ocrx_word' id='word_1_79' title='bbox 223 1261 383 1338; x_wconf 66' lang='lat' dir='ltr'>deijuratio</span> <span class='ocrx_word' id='word_1_80' title='bbox 397 1281 484 1338; x_wconf 80' lang='lat' dir='ltr'>cuper</span> <span class='ocrx_word' id='word_1_81' title='bbox 496 1261 661 1320; x_wconf 73' lang='lat' dir='ltr'>masadam</span> <span class='ocrx_word' id='word_1_82' title='bbox 674 1269 799 1319; x_wconf 74' lang='lat' dir='ltr'>tantam</span> 
     </span>
    </p>

    <p class='ocr_par' dir='ltr' id='par_1_5' title="bbox 145 1356 1368 2200">
     <span class='ocr_line' id='line_1_11' title="bbox 222 1356 1368 1436; baseline 0.002 -22"><span class='ocrx_word' id='word_1_83' title='bbox 222 1358 311 1433; x_wconf 83' lang='lat' dir='ltr'>Erga,</span> <span class='ocrx_word' id='word_1_84' title='bbox 325 1358 481 1416; x_wconf 84' lang='lat' dir='ltr'>maledicte</span> <span class='ocrx_word' id='word_1_85' title='bbox 494 1357 620 1431; x_wconf 89' lang='lat' dir='ltr'>diabole,</span> <span class='ocrx_word' id='word_1_86' title='bbox 635 1377 807 1436; x_wconf 88' lang='lat' dir='ltr'>recognosce</span> <span class='ocrx_word' id='word_1_87' title='bbox 820 1356 1000 1416; x_wconf 86' lang='lat' dir='ltr'>sententiam</span> <span class='ocrx_word' id='word_1_88' title='bbox 1021 1363 1113 1429; x_wconf 85' lang='lat' dir='ltr'>tunm,</span> <span class='ocrx_word' id='word_1_89' title='bbox 1128 1364 1160 1415; x_wconf 88' lang='lat' dir='ltr'>et</span> <span class='ocrx_word' id='word_1_90' title='bbox 1172 1356 1211 1414; x_wconf 87' lang='lat' dir='ltr'>dn</span> <span class='ocrx_word' id='word_1_91' title='bbox 1224 1356 1368 1416; x_wconf 86' lang='lat' dir='ltr'>honorem</span> 
     </span>
     <span class='ocr_line' id='line_1_12' title="bbox 161 1451 1363 1530; baseline -0.001 -20"><span class='ocrx_word' id='word_1_92' title='bbox 161 1454 226 1512; x_wconf 93' lang='lat' dir='ltr'>Deo</span> <span class='ocrx_word' id='word_1_93' title='bbox 240 1454 311 1511; x_wconf 78' lang='lat' dir='ltr'>vivo</span> <span class='ocrx_word' id='word_1_94' title='bbox 325 1460 356 1510; x_wconf 88' lang='lat' dir='ltr'>et</span> <span class='ocrx_word' id='word_1_95' title='bbox 363 1472 434 1512; x_wconf 82' lang='lat' dir='ltr'>vero</span> <span class='ocrx_word' id='word_1_96' title='bbox 448 1476 454 1511; x_wconf 94' lang='lat'>:</span> <span class='ocrx_word' id='word_1_97' title='bbox 468 1454 505 1511; x_wconf 87' lang='lat' dir='ltr'>da</span> <span class='ocrx_word' id='word_1_98' title='bbox 516 1454 658 1512; x_wconf 90' lang='lat' dir='ltr'>honorem</span> <span class='ocrx_word' id='word_1_99' title='bbox 671 1453 693 1511; x_wconf 91' lang='lat' dir='ltr'><strong>J</strong></span> <span class='ocrx_word' id='word_1_100' title='bbox 694 1473 746 1512; x_wconf 90' lang='lat' dir='ltr'>esu</span> <span class='ocrx_word' id='word_1_101' title='bbox 761 1453 881 1512; x_wconf 81' lang='lat' dir='ltr'>Ohristo</span> <span class='ocrx_word' id='word_1_102' title='bbox 895 1453 974 1511; x_wconf 88' lang='lat' dir='ltr'>Filio</span> <span class='ocrx_word' id='word_1_103' title='bbox 987 1454 1051 1530; x_wconf 89' lang='lat' dir='ltr'>ejus</span> <span class='ocrx_word' id='word_1_104' title='bbox 1062 1458 1093 1510; x_wconf 90' lang='lat' dir='ltr'>et</span> <span class='ocrx_word' id='word_1_105' title='bbox 1103 1451 1230 1528; x_wconf 85' lang='lat' dir='ltr'>Spiritui</span> <span class='ocrx_word' id='word_1_106' title='bbox 1244 1451 1363 1523; x_wconf 84' lang='lat' dir='ltr'>Sancto,</span> 
     </span>
     <span class='ocr_line' id='line_1_13' title="bbox 160 1548 1365 1626; baseline -0.002 -18"><span class='ocrx_word' id='word_1_107' title='bbox 160 1557 191 1608; x_wconf 89' lang='lat' dir='ltr'>et</span> <span class='ocrx_word' id='word_1_108' title='bbox 214 1549 316 1607; x_wconf 86' lang='lat' dir='ltr'>recede</span> <span class='ocrx_word' id='word_1_109' title='bbox 336 1550 374 1606; x_wconf 87' lang='lat' dir='ltr'>ab</span> <span class='ocrx_word' id='word_1_110' title='bbox 394 1550 449 1607; x_wconf 92' lang='lat' dir='ltr'>hoc</span> <span class='ocrx_word' id='word_1_111' title='bbox 469 1550 580 1607; x_wconf 84' lang='lat' dir='ltr'>famulo</span> <span class='ocrx_word' id='word_1_112' title='bbox 601 1549 660 1607; x_wconf 91' lang='lat' dir='ltr'>Dei</span> <span class='ocrx_word' id='word_1_113' title='bbox 680 1549 746 1620; x_wconf 77' lang='lat' dir='ltr'>N.;</span> <span class='ocrx_word' id='word_1_114' title='bbox 780 1549 852 1626; x_wconf 89' lang='lat' dir='ltr'>quia</span> <span class='ocrx_word' id='word_1_115' title='bbox 871 1548 964 1607; x_wconf 84' lang='lat' dir='ltr'>istum</span> <span class='ocrx_word' id='word_1_116' title='bbox 984 1549 1043 1607; x_wconf 86' lang='lat' dir='ltr'>sibi</span> <span class='ocrx_word' id='word_1_117' title='bbox 1063 1548 1145 1607; x_wconf 91' lang='lat' dir='ltr'>Deus</span> <span class='ocrx_word' id='word_1_118' title='bbox 1165 1554 1196 1606; x_wconf 90' lang='lat' dir='ltr'>et</span> <span class='ocrx_word' id='word_1_119' title='bbox 1216 1548 1365 1606; x_wconf 89' lang='lat' dir='ltr'>Dominus</span> 
     </span>
     <span class='ocr_line' id='line_1_14' title="bbox 159 1643 1364 1723; baseline -0.002 -19"><span class='ocrx_word' id='word_1_120' title='bbox 159 1654 260 1705; x_wconf 86' lang='lat' dir='ltr'>noster</span> <span class='ocrx_word' id='word_1_121' title='bbox 297 1647 387 1705; x_wconf 89' lang='lat' dir='ltr'>Jesus</span> <span class='ocrx_word' id='word_1_122' title='bbox 415 1644 552 1703; x_wconf 79' lang='lat' dir='ltr'>Christus</span> <span class='ocrx_word' id='word_1_123' title='bbox 579 1646 617 1703; x_wconf 89' lang='lat' dir='ltr'>ad</span> <span class='ocrx_word' id='word_1_124' title='bbox 644 1665 729 1704; x_wconf 87' lang='lat' dir='ltr'>suam</span> <span class='ocrx_word' id='word_1_125' title='bbox 756 1651 889 1704; x_wconf 82' lang='lat' dir='ltr'>sanctam</span> <span class='ocrx_word' id='word_1_126' title='bbox 916 1646 1043 1723; x_wconf 79' lang='lat' dir='ltr'>gratiam</span> <span class='ocrx_word' id='word_1_127' title='bbox 1071 1650 1102 1702; x_wconf 92' lang='lat' dir='ltr'>et</span> <span class='ocrx_word' id='word_1_128' title='bbox 1129 1643 1364 1702; x_wconf 81' lang='lat' dir='ltr'>benedictionem</span> 
     </span>
     <span class='ocr_line' id='line_1_15' title="bbox 145 1740 1364 1820; baseline -0.006 -15"><span class='ocrx_word' id='word_1_129' title='bbox 145 1748 330 1819; x_wconf 84' lang='lat' dir='ltr'>¹fontemque</span> <span class='ocrx_word' id='word_1_130' title='bbox 345 1742 535 1818; x_wconf 83' lang='lat' dir='ltr'>baptismatis</span> <span class='ocrx_word' id='word_1_131' title='bbox 554 1741 632 1799; x_wconf 90' lang='lat' dir='ltr'>dono</span> <span class='ocrx_word' id='word_1_132' title='bbox 645 1761 749 1800; x_wconf 84' lang='lat' dir='ltr'>vocare</span> <span class='ocrx_word' id='word_1_133' title='bbox 766 1741 907 1820; x_wconf 77' lang='lat' dir='ltr'>dignatus</span> <span class='ocrx_word' id='word_1_134' title='bbox 920 1748 985 1813; x_wconf 81' lang='lat' dir='ltr'>est3</span> <span class='ocrx_word' id='word_1_135' title='bbox 1005 1748 1036 1799; x_wconf 91' lang='lat' dir='ltr'>et</span> <span class='ocrx_word' id='word_1_136' title='bbox 1049 1740 1104 1798; x_wconf 92' lang='lat' dir='ltr'>hoc</span> <span class='ocrx_word' id='word_1_137' title='bbox 1117 1741 1236 1818; x_wconf 86' lang='lat' dir='ltr'>signum</span> <span class='ocrx_word' id='word_1_138' title='bbox 1255 1746 1364 1798; x_wconf 78' lang='lat' dir='ltr'>sanctae</span> 
     </span>
     <span class='ocr_line' id='line_1_16' title="bbox 160 1835 1365 1918; baseline -0.003 -21"><span class='ocrx_word' id='word_1_139' title='bbox 160 1836 480 1918; x_wconf 66' lang='lat' dir='ltr'>crucis‚›1‹Hicsaeiac</span> <span class='ocrx_word' id='word_1_140' title='bbox 489 1837 629 1896; x_wconf 78' lang='lat' dir='ltr'>Sacerdos</span> <span class='ocrx_word' id='word_1_141' title='bbox 641 1837 760 1913; x_wconf 50' lang='lat' dir='ltr'>Quam</span> <span class='ocrx_word' id='word_1_142' title='bbox 772 1846 880 1896; x_wconf 76' lang='lat' dir='ltr'>coacto</span> <span class='ocrx_word' id='word_1_143' title='bbox 893 1837 988 1896; x_wconf 71' lang='lat' dir='ltr'>macic</span> <span class='ocrx_word' id='word_1_144' title='bbox 1000 1837 1035 1894; x_wconf 75' lang='lat' dir='ltr'>io</span> <span class='ocrx_word' id='word_1_145' title='bbox 1043 1835 1147 1911; x_wconf 74' lang='lat' dir='ltr'>fronte</span> <span class='ocrx_word' id='word_1_146' title='bbox 1157 1835 1285 1910; x_wconf 75' lang='lat' dir='ltr'>insontia</span> <span class='ocrx_word' id='word_1_147' title='bbox 1298 1855 1365 1894; x_wconf 82' lang='lat' dir='ltr'>cum</span> 
     </span>
     <span class='ocr_line' id='line_1_17' title="bbox 153 1932 1361 2011; baseline -0.003 -17"><span class='ocrx_word' id='word_1_148' title='bbox 153 1936 264 2010; x_wconf 78' lang='lat' dir='ltr'>pollice,</span> <span class='ocrx_word' id='word_1_149' title='bbox 287 1937 332 1993; x_wconf 81' lang='lat' dir='ltr'>ito</span> <span class='ocrx_word' id='word_1_150' title='bbox 352 1935 449 1992; x_wconf 68' lang='lat' dir='ltr'>dibeas</span> <span class='ocrx_word' id='word_1_151' title='bbox 460 1958 470 1994; x_wconf 92' lang='lat'>.·</span> <span class='ocrx_word' id='word_1_152' title='bbox 497 1934 577 2010; x_wconf 87' lang='lat' dir='ltr'>quod</span> <span class='ocrx_word' id='word_1_153' title='bbox 596 1953 651 1992; x_wconf 90' lang='lat' dir='ltr'>nos</span> <span class='ocrx_word' id='word_1_154' title='bbox 668 1934 767 1991; x_wconf 82' lang='lat' dir='ltr'>fronte</span> <span class='ocrx_word' id='word_1_155' title='bbox 789 1935 853 2011; x_wconf 88' lang='lat' dir='ltr'>ejus</span> <span class='ocrx_word' id='word_1_156' title='bbox 867 1936 981 2004; x_wconf 62' lang='lat' dir='ltr'>munus,</span> <span class='ocrx_word' id='word_1_157' title='bbox 999 1940 1044 2006; x_wconf 88' lang='lat' dir='ltr'>tu,</span> <span class='ocrx_word' id='word_1_158' title='bbox 1063 1933 1218 1992; x_wconf 87' lang='lat' dir='ltr'>maledicte</span> <span class='ocrx_word' id='word_1_159' title='bbox 1238 1932 1361 2005; x_wconf 84' lang='lat' dir='ltr'>diabole,</span> 
     </span>
     <span class='ocr_line' id='line_1_18' title="bbox 158 2029 1364 2108; baseline -0.002 -20"><span class='ocrx_word' id='word_1_160' title='bbox 158 2051 312 2108; x_wconf 87' lang='lat' dir='ltr'>nunquam</span> <span class='ocrx_word' id='word_1_161' title='bbox 335 2031 443 2089; x_wconf 86' lang='lat' dir='ltr'>audeas</span> <span class='ocrx_word' id='word_1_162' title='bbox 465 2030 585 2101; x_wconf 84' lang='lat' dir='ltr'>violare,</span> <span class='ocrx_word' id='word_1_163' title='bbox 607 2049 749 2106; x_wconf 90' lang='lat' dir='ltr'>pereum</span> <span class='ocrx_word' id='word_1_164' title='bbox 773 2031 827 2106; x_wconf 90' lang='lat' dir='ltr'>qui</span> <span class='ocrx_word' id='word_1_165' title='bbox 846 2036 993 2088; x_wconf 76' lang='lat' dir='ltr'>ventuius</span> <span class='ocrx_word' id='word_1_166' title='bbox 1012 2035 1058 2086; x_wconf 89' lang='lat' dir='ltr'>est</span> <span class='ocrx_word' id='word_1_167' title='bbox 1073 2030 1207 2104; x_wconf 82' lang='lat' dir='ltr'>judicare</span> <span class='ocrx_word' id='word_1_168' title='bbox 1227 2029 1313 2087; x_wconf 82' lang='lat' dir='ltr'>vivos</span> <span class='ocrx_word' id='word_1_169' title='bbox 1332 2035 1364 2086; x_wconf 88' lang='lat' dir='ltr'>et</span> 
     </span>
     <span class='ocr_line' id='line_1_19' title="bbox 158 2125 827 2200; baseline -0.001 -16"><span class='ocrx_word' id='word_1_170' title='bbox 158 2135 292 2184; x_wconf 85' lang='lat' dir='ltr'>mortuos</span> <span class='ocrx_word' id='word_1_171' title='bbox 305 2132 336 2183; x_wconf 89' lang='lat' dir='ltr'>et</span> <span class='ocrx_word' id='word_1_172' title='bbox 349 2125 489 2182; x_wconf 75' lang='lat' dir='ltr'>saeculum</span> <span class='ocrx_word' id='word_1_173' title='bbox 502 2143 555 2200; x_wconf 91' lang='lat' dir='ltr'>per</span> <span class='ocrx_word' id='word_1_174' title='bbox 568 2125 677 2200; x_wconf 84' lang='lat' dir='ltr'>ignem.</span> <span class='ocrx_word' id='word_1_175' title='bbox 719 2126 827 2184; x_wconf 86' lang='lat' dir='ltr'>Amen.</span> 
     </span>
    </p>

    <p class='ocr_par' dir='ltr' id='par_1_6' title="bbox 219 2228 796 2304">
     <span class='ocr_line' id='line_1_20' title="bbox 219 2228 796 2304; baseline -0.002 -17"><span class='ocrx_word' id='word_1_176' title='bbox 219 2230 380 2304; x_wconf 80' lang='lat' dir='ltr'>Adjuratio</span> <span class='ocrx_word' id='word_1_177' title='bbox 394 2248 481 2302; x_wconf 82' lang='lat' dir='ltr'>super</span> <span class='ocrx_word' id='word_1_178' title='bbox 494 2228 658 2285; x_wconf 67' lang='lat' dir='ltr'>manutium</span> <span class='ocrx_word' id='word_1_179' title='bbox 672 2236 796 2286; x_wconf 74' lang='lat' dir='ltr'>tamtum.</span> 
     </span>
    </p>

    <p class='ocr_par' dir='ltr' id='par_1_7' title="bbox 153 2321 1364 3153">
     <span class='ocr_line' id='line_1_21' title="bbox 221 2321 1364 2402; baseline -0.001 -20"><span class='ocrx_word' id='word_1_180' title='bbox 221 2325 313 2391; x_wconf 90' lang='lat' dir='ltr'>Deus,</span> <span class='ocrx_word' id='word_1_181' title='bbox 337 2321 505 2380; x_wconf 83' lang='lat' dir='ltr'>immortale</span> <span class='ocrx_word' id='word_1_182' title='bbox 528 2321 697 2398; x_wconf 86' lang='lat' dir='ltr'>praesidinm</span> <span class='ocrx_word' id='word_1_183' title='bbox 723 2322 857 2380; x_wconf 90' lang='lat' dir='ltr'>omnium</span> <span class='ocrx_word' id='word_1_184' title='bbox 883 2323 1109 2399; x_wconf 79' lang='lat' dir='ltr'>postulantium,</span> <span class='ocrx_word' id='word_1_185' title='bbox 1134 2322 1271 2381; x_wconf 88' lang='lat' dir='ltr'>liberatio</span> <span class='ocrx_word' id='word_1_186' title='bbox 1298 2343 1364 2402; x_wconf 89' lang='lat' dir='ltr'>sup-</span> 
     </span>
     <span class='ocr_line' id='line_1_22' title="bbox 158 2417 1363 2499; baseline 0 -21"><span class='ocrx_word' id='word_1_187' title='bbox 158 2421 280 2499; x_wconf 89' lang='lat' dir='ltr'>plicum,</span> <span class='ocrx_word' id='word_1_188' title='bbox 308 2438 369 2495; x_wconf 80' lang='lat' dir='ltr'>pax</span> <span class='ocrx_word' id='word_1_189' title='bbox 395 2419 574 2494; x_wconf 83' lang='lat' dir='ltr'>rogantium,</span> <span class='ocrx_word' id='word_1_190' title='bbox 602 2418 667 2476; x_wconf 84' lang='lat' dir='ltr'>vita</span> <span class='ocrx_word' id='word_1_191' title='bbox 693 2417 886 2492; x_wconf 86' lang='lat' dir='ltr'>credentium,</span> <span class='ocrx_word' id='word_1_192' title='bbox 914 2418 1090 2477; x_wconf 84' lang='lat' dir='ltr'>resurrectio</span> <span class='ocrx_word' id='word_1_193' title='bbox 1115 2426 1309 2492; x_wconf 87' lang='lat' dir='ltr'>mortuorum,</span> <span class='ocrx_word' id='word_1_194' title='bbox 1332 2427 1363 2478; x_wconf 87' lang='lat' dir='ltr'>te</span> 
     </span>
     <span class='ocr_line' id='line_1_23' title="bbox 158 2513 1362 2591; baseline 0 -16"><span class='ocrx_word' id='word_1_195' title='bbox 158 2519 266 2575; x_wconf 87' lang='lat' dir='ltr'>invoco</span> <span class='ocrx_word' id='word_1_196' title='bbox 280 2515 418 2585; x_wconf 90' lang='lat' dir='ltr'>Domine,</span> <span class='ocrx_word' id='word_1_197' title='bbox 433 2533 523 2590; x_wconf 86' lang='lat' dir='ltr'>super</span> <span class='ocrx_word' id='word_1_198' title='bbox 539 2513 618 2572; x_wconf 92' lang='lat' dir='ltr'>hunc</span> <span class='ocrx_word' id='word_1_199' title='bbox 631 2514 777 2572; x_wconf 81' lang='lat' dir='ltr'>famulum</span> <span class='ocrx_word' id='word_1_200' title='bbox 794 2520 880 2573; x_wconf 90' lang='lat' dir='ltr'>tuum</span> <span class='ocrx_word' id='word_1_201' title='bbox 895 2515 945 2587; x_wconf 78' lang='lat' dir='ltr'>N,</span> <span class='ocrx_word' id='word_1_202' title='bbox 959 2515 1013 2591; x_wconf 86' lang='lat' dir='ltr'>qui</span> <span class='ocrx_word' id='word_1_203' title='bbox 1030 2515 1171 2590; x_wconf 81' lang='lat' dir='ltr'>baptismi</span> <span class='ocrx_word' id='word_1_204' title='bbox 1185 2515 1232 2572; x_wconf 89' lang='lat' dir='ltr'>tui</span> <span class='ocrx_word' id='word_1_205' title='bbox 1250 2516 1362 2575; x_wconf 89' lang='lat' dir='ltr'>donum</span> 
     </span>
     <span class='ocr_line' id='line_1_24' title="bbox 157 2610 1359 2691; baseline 0.001 -20"><span class='ocrx_word' id='word_1_206' title='bbox 157 2620 262 2691; x_wconf 88' lang='lat' dir='ltr'>petens</span> <span class='ocrx_word' id='word_1_207' title='bbox 292 2618 433 2670; x_wconf 77' lang='lat' dir='ltr'>aeternam</span> <span class='ocrx_word' id='word_1_208' title='bbox 458 2611 597 2686; x_wconf 89' lang='lat' dir='ltr'>consequi</span> <span class='ocrx_word' id='word_1_209' title='bbox 624 2611 752 2687; x_wconf 83' lang='lat' dir='ltr'>gretiam</span> <span class='ocrx_word' id='word_1_210' title='bbox 779 2610 929 2686; x_wconf 76' lang='lat' dir='ltr'>spirituali</span> <span class='ocrx_word' id='word_1_211' title='bbox 955 2611 1176 2688; x_wconf 79' lang='lat' dir='ltr'>regeneratione</span> <span class='ocrx_word' id='word_1_212' title='bbox 1204 2611 1359 2673; x_wconf 87' lang='lat' dir='ltr'>desiderat.</span> 
     </span>
     <span class='ocr_line' id='line_1_25' title="bbox 155 2707 1359 2787; baseline 0 -19"><span class='ocrx_word' id='word_1_213' title='bbox 155 2710 266 2787; x_wconf 84' lang='lat' dir='ltr'>Accipe</span> <span class='ocrx_word' id='word_1_214' title='bbox 284 2727 361 2779; x_wconf 90' lang='lat' dir='ltr'>eum,</span> <span class='ocrx_word' id='word_1_215' title='bbox 383 2707 521 2778; x_wconf 88' lang='lat' dir='ltr'>Domine,</span> <span class='ocrx_word' id='word_1_216' title='bbox 546 2713 577 2763; x_wconf 86' lang='lat' dir='ltr'>et</span> <span class='ocrx_word' id='word_1_217' title='bbox 596 2707 668 2783; x_wconf 86' lang='lat' dir='ltr'>quia</span> <span class='ocrx_word' id='word_1_218' title='bbox 690 2707 831 2784; x_wconf 87' lang='lat' dir='ltr'>dignatus</span> <span class='ocrx_word' id='word_1_219' title='bbox 853 2725 885 2765; x_wconf 87' lang='lat' dir='ltr'>es</span> <span class='ocrx_word' id='word_1_220' title='bbox 907 2707 1014 2781; x_wconf 87' lang='lat' dir='ltr'>dicere,</span> <span class='ocrx_word' id='word_1_221' title='bbox 1029 2707 1129 2766; x_wconf 90' lang='lat' dir='ltr'>Petite</span> <span class='ocrx_word' id='word_1_222' title='bbox 1149 2714 1180 2767; x_wconf 90' lang='lat' dir='ltr'>et</span> <span class='ocrx_word' id='word_1_223' title='bbox 1200 2709 1359 2785; x_wconf 83' lang='lat' dir='ltr'>accipietis,</span> 
     </span>
     <span class='ocr_line' id='line_1_26' title="bbox 154 2803 1360 2884; baseline 0.001 -20"><span class='ocrx_word' id='word_1_224' title='bbox 154 2807 279 2884; x_wconf 76' lang='lat' dir='ltr'>quaerite</span> <span class='ocrx_word' id='word_1_225' title='bbox 292 2811 324 2863; x_wconf 89' lang='lat' dir='ltr'>et</span> <span class='ocrx_word' id='word_1_226' title='bbox 337 2803 504 2873; x_wconf 87' lang='lat' dir='ltr'>invenietis,</span> <span class='ocrx_word' id='word_1_227' title='bbox 517 2803 632 2879; x_wconf 89' lang='lat' dir='ltr'>pulsate</span> <span class='ocrx_word' id='word_1_228' title='bbox 646 2809 677 2860; x_wconf 89' lang='lat' dir='ltr'>et</span> <span class='ocrx_word' id='word_1_229' title='bbox 690 2804 840 2879; x_wconf 89' lang='lat' dir='ltr'>aperietur</span> <span class='ocrx_word' id='word_1_230' title='bbox 852 2803 951 2876; x_wconf 76' lang='lat' dir='ltr'>robis5</span> <span class='ocrx_word' id='word_1_231' title='bbox 965 2804 1081 2881; x_wconf 87' lang='lat' dir='ltr'>petenti</span> <span class='ocrx_word' id='word_1_232' title='bbox 1094 2805 1194 2881; x_wconf 75' lang='lat' dir='ltr'>itaque</span> <span class='ocrx_word' id='word_1_233' title='bbox 1204 2807 1360 2882; x_wconf 86' lang='lat' dir='ltr'>praemium</span> 
     </span>
     <span class='ocr_line' id='line_1_27' title="bbox 153 2898 1360 2980; baseline 0.001 -21"><span class='ocrx_word' id='word_1_234' title='bbox 153 2903 280 2980; x_wconf 83' lang='lat' dir='ltr'>porrige,</span> <span class='ocrx_word' id='word_1_235' title='bbox 301 2907 333 2958; x_wconf 89' lang='lat' dir='ltr'>et</span> <span class='ocrx_word' id='word_1_236' title='bbox 348 2901 473 2977; x_wconf 87' lang='lat' dir='ltr'>januam</span> <span class='ocrx_word' id='word_1_237' title='bbox 493 2898 589 2975; x_wconf 88' lang='lat' dir='ltr'>pande</span> <span class='ocrx_word' id='word_1_238' title='bbox 609 2898 763 2974; x_wconf 74' lang='lat' dir='ltr'>pulsanti,</span> <span class='ocrx_word' id='word_1_239' title='bbox 784 2906 819 2956; x_wconf 89' lang='lat' dir='ltr'>ut</span> <span class='ocrx_word' id='word_1_240' title='bbox 839 2905 980 2957; x_wconf 82' lang='lat' dir='ltr'>aeternam</span> <span class='ocrx_word' id='word_1_241' title='bbox 1000 2899 1124 2958; x_wconf 78' lang='lat' dir='ltr'>caelestis</span> <span class='ocrx_word' id='word_1_242' title='bbox 1141 2901 1252 2959; x_wconf 85' lang='lat' dir='ltr'>lavacri</span> <span class='ocrx_word' id='word_1_243' title='bbox 1272 2902 1360 2961; x_wconf 89' lang='lat' dir='ltr'>bene·</span> 
     </span>
     <span class='ocr_line' id='line_1_28' title="bbox 153 2994 1360 3075; baseline -0.001 -18"><span class='ocrx_word' id='word_1_244' title='bbox 153 3000 314 3059; x_wconf 90' lang='lat' dir='ltr'>dictionem</span> <span class='ocrx_word' id='word_1_245' title='bbox 324 3003 499 3056; x_wconf 85' lang='lat' dir='ltr'>consecutus</span> <span class='ocrx_word' id='word_1_246' title='bbox 509 2994 652 3073; x_wconf 86' lang='lat' dir='ltr'>promissa</span> <span class='ocrx_word' id='word_1_247' title='bbox 661 2996 709 3053; x_wconf 91' lang='lat' dir='ltr'>tui</span> <span class='ocrx_word' id='word_1_248' title='bbox 719 2996 850 3054; x_wconf 81' lang='lat' dir='ltr'>muneris</span> <span class='ocrx_word' id='word_1_249' title='bbox 860 3016 951 3074; x_wconf 85' lang='lat' dir='ltr'>regna</span> <span class='ocrx_word' id='word_1_250' title='bbox 961 2997 1113 3075; x_wconf 87' lang='lat' dir='ltr'>percipiat.</span> <span class='ocrx_word' id='word_1_251' title='bbox 1135 2997 1195 3056; x_wconf 89' lang='lat' dir='ltr'>Per</span> <span class='ocrx_word' id='word_1_252' title='bbox 1206 2998 1360 3057; x_wconf 81' lang='lat' dir='ltr'>Christum</span> 
     </span>
     <span class='ocr_line' id='line_1_29' title="bbox 155 3096 327 3153; baseline -0.006 0"><span class='ocrx_word' id='word_1_253' title='bbox 155 3096 327 3153; x_wconf 90' lang='lat' dir='ltr'>Dominum.</span> 
     </span>
    </p>

    <p class='ocr_par' dir='ltr' id='par_1_8' title="bbox 214 3186 983 3266">
     <span class='ocr_line' id='line_1_30' title="bbox 214 3186 983 3266; baseline -0.003 -19"><span class='ocrx_word' id='word_1_254' title='bbox 214 3190 374 3266; x_wconf 57' lang='lat' dir='ltr'>Acbarotio</span> <span class='ocrx_word' id='word_1_255' title='bbox 386 3207 475 3264; x_wconf 82' lang='lat' dir='ltr'>caper</span> <span class='ocrx_word' id='word_1_256' title='bbox 488 3186 631 3245; x_wconf 77' lang='lat' dir='ltr'>mmculoc</span> <span class='ocrx_word' id='word_1_257' title='bbox 641 3195 758 3246; x_wconf 75' lang='lat' dir='ltr'>tantum</span> <span class='ocrx_word' id='word_1_258' title='bbox 770 3187 834 3246; x_wconf 72' lang='lat' dir='ltr'>sim</span> <span class='ocrx_word' id='word_1_259' title='bbox 848 3187 983 3246; x_wconf 82' lang='lat' dir='ltr'>Oramus.</span> 
     </span>
    </p>

    <p class='ocr_par' dir='ltr' id='par_1_9' title="bbox 149 3283 1361 4212">
     <span class='ocr_line' id='line_1_31' title="bbox 213 3283 1359 3359; baseline -0.002 -15"><span class='ocrx_word' id='word_1_260' title='bbox 213 3287 303 3357; x_wconf 89' lang='lat' dir='ltr'>Audi,</span> <span class='ocrx_word' id='word_1_261' title='bbox 324 3285 480 3343; x_wconf 85' lang='lat' dir='ltr'>maledicte</span> <span class='ocrx_word' id='word_1_262' title='bbox 494 3284 623 3356; x_wconf 82' lang='lat' dir='ltr'>Satana;</span> <span class='ocrx_word' id='word_1_263' title='bbox 643 3284 798 3359; x_wconf 85' lang='lat' dir='ltr'>adjuratus</span> <span class='ocrx_word' id='word_1_264' title='bbox 811 3302 864 3359; x_wconf 89' lang='lat' dir='ltr'>per</span> <span class='ocrx_word' id='word_1_265' title='bbox 883 3303 992 3341; x_wconf 89' lang='lat' dir='ltr'>nomen</span> <span class='ocrx_word' id='word_1_266' title='bbox 1011 3283 1114 3341; x_wconf 82' lang='lat' dir='ltr'>aeterni</span> <span class='ocrx_word' id='word_1_267' title='bbox 1129 3283 1189 3341; x_wconf 91' lang='lat' dir='ltr'>Dei</span> <span class='ocrx_word' id='word_1_268' title='bbox 1206 3288 1237 3340; x_wconf 93' lang='lat' dir='ltr'>et</span> <span class='ocrx_word' id='word_1_269' title='bbox 1259 3283 1359 3342; x_wconf 73' lang='lat' dir='ltr'>Salva</span> 
     </span>
     <span class='ocr_line' id='line_1_32' title="bbox 154 3378 1359 3455; baseline -0.002 -15"><span class='ocrx_word' id='word_1_270' title='bbox 154 3383 227 3440; x_wconf 86' lang='lat' dir='ltr'>toris</span> <span class='ocrx_word' id='word_1_271' title='bbox 250 3383 346 3441; x_wconf 89' lang='lat' dir='ltr'>nostri</span> <span class='ocrx_word' id='word_1_272' title='bbox 367 3382 442 3440; x_wconf 86' lang='lat' dir='ltr'>Jesu</span> <span class='ocrx_word' id='word_1_273' title='bbox 467 3380 580 3438; x_wconf 83' lang='lat' dir='ltr'>Christi</span> <span class='ocrx_word' id='word_1_274' title='bbox 609 3379 681 3437; x_wconf 85' lang='lat' dir='ltr'>Filii</span> <span class='ocrx_word' id='word_1_275' title='bbox 704 3381 777 3455; x_wconf 90' lang='lat' dir='ltr'>ejus,</span> <span class='ocrx_word' id='word_1_276' title='bbox 802 3398 870 3436; x_wconf 89' lang='lat' dir='ltr'>cum</span> <span class='ocrx_word' id='word_1_277' title='bbox 896 3386 951 3437; x_wconf 85' lang='lat' dir='ltr'>tua</span> <span class='ocrx_word' id='word_1_278' title='bbox 974 3379 1071 3437; x_wconf 83' lang='lat' dir='ltr'>victus</span> <span class='ocrx_word' id='word_1_279' title='bbox 1091 3378 1206 3436; x_wconf 80' lang='lat' dir='ltr'>invidia</span> <span class='ocrx_word' id='word_1_280' title='bbox 1228 3385 1359 3437; x_wconf 88' lang='lat' dir='ltr'>tremens</span> 
     </span>
     <span class='ocr_line' id='line_1_33' title="bbox 152 3472 1359 3555; baseline -0.004 -19"><span class='ocrx_word' id='word_1_281' title='bbox 152 3497 330 3555; x_wconf 86' lang='lat' dir='ltr'>gemensque</span> <span class='ocrx_word' id='word_1_282' title='bbox 361 3477 495 3534; x_wconf 88' lang='lat' dir='ltr'>discede:</span> <span class='ocrx_word' id='word_1_283' title='bbox 529 3476 607 3533; x_wconf 88' lang='lat' dir='ltr'>nihil</span> <span class='ocrx_word' id='word_1_284' title='bbox 647 3476 705 3533; x_wconf 90' lang='lat' dir='ltr'>tibi</span> <span class='ocrx_word' id='word_1_285' title='bbox 735 3475 776 3533; x_wconf 87' lang='lat' dir='ltr'>ait</span> <span class='ocrx_word' id='word_1_286' title='bbox 807 3493 962 3532; x_wconf 91' lang='lat' dir='ltr'>commune</span> <span class='ocrx_word' id='word_1_287' title='bbox 993 3493 1061 3531; x_wconf 91' lang='lat' dir='ltr'>cum</span> <span class='ocrx_word' id='word_1_288' title='bbox 1092 3490 1177 3530; x_wconf 79' lang='lat' dir='ltr'>servo</span> <span class='ocrx_word' id='word_1_289' title='bbox 1209 3472 1268 3531; x_wconf 93' lang='lat' dir='ltr'>Dei</span> <span class='ocrx_word' id='word_1_290' title='bbox 1294 3475 1359 3548; x_wconf 90' lang='lat' dir='ltr'>jam</span> 
     </span>
     <span class='ocr_line' id='line_1_34' title="bbox 152 3568 1360 3648; baseline -0.002 -17"><span class='ocrx_word' id='word_1_291' title='bbox 152 3573 281 3631; x_wconf 69' lang='lat' dir='ltr'>caelestia</span> <span class='ocrx_word' id='word_1_292' title='bbox 294 3572 445 3648; x_wconf 85' lang='lat' dir='ltr'>cogitanti,</span> <span class='ocrx_word' id='word_1_293' title='bbox 461 3572 670 3630; x_wconf 86' lang='lat' dir='ltr'>renuntiaturo</span> <span class='ocrx_word' id='word_1_294' title='bbox 684 3571 741 3628; x_wconf 89' lang='lat' dir='ltr'>tibi</span> <span class='ocrx_word' id='word_1_295' title='bbox 754 3576 785 3627; x_wconf 88' lang='lat' dir='ltr'>et</span> <span class='ocrx_word' id='word_1_296' title='bbox 798 3570 906 3628; x_wconf 85' lang='lat' dir='ltr'>saeculo</span> <span class='ocrx_word' id='word_1_297' title='bbox 918 3576 972 3626; x_wconf 89' lang='lat' dir='ltr'>tuo</span> <span class='ocrx_word' id='word_1_298' title='bbox 987 3574 1018 3626; x_wconf 91' lang='lat' dir='ltr'>et</span> <span class='ocrx_word' id='word_1_299' title='bbox 1031 3568 1125 3626; x_wconf 86' lang='lat' dir='ltr'>beatae</span> <span class='ocrx_word' id='word_1_300' title='bbox 1139 3568 1360 3628; x_wconf 84' lang='lat' dir='ltr'>immortalitati</span> 
     </span>
     <span class='ocr_line' id='line_1_35' title="bbox 152 3663 1361 3745; baseline -0.003 -17"><span class='ocrx_word' id='word_1_301' title='bbox 152 3671 277 3728; x_wconf 82' lang='lat' dir='ltr'>victuro.</span> <span class='ocrx_word' id='word_1_302' title='bbox 320 3669 370 3728; x_wconf 87' lang='lat' dir='ltr'>Da</span> <span class='ocrx_word' id='word_1_303' title='bbox 388 3669 482 3745; x_wconf 86' lang='lat' dir='ltr'>igitur</span> <span class='ocrx_word' id='word_1_304' title='bbox 495 3668 637 3726; x_wconf 90' lang='lat' dir='ltr'>honorem</span> <span class='ocrx_word' id='word_1_305' title='bbox 657 3665 831 3724; x_wconf 84' lang='lat' dir='ltr'>advenienti</span> <span class='ocrx_word' id='word_1_306' title='bbox 852 3664 980 3741; x_wconf 84' lang='lat' dir='ltr'>Spiritui</span> <span class='ocrx_word' id='word_1_307' title='bbox 994 3663 1112 3735; x_wconf 84' lang='lat' dir='ltr'>Sancto,</span> <span class='ocrx_word' id='word_1_308' title='bbox 1127 3663 1180 3740; x_wconf 90' lang='lat' dir='ltr'>qui</span> <span class='ocrx_word' id='word_1_309' title='bbox 1194 3682 1232 3720; x_wconf 82' lang='lat' dir='ltr'>ex</span> <span class='ocrx_word' id='word_1_310' title='bbox 1246 3683 1361 3724; x_wconf 85' lang='lat' dir='ltr'>somma</span> 
     </span>
     <span class='ocr_line' id='line_1_36' title="bbox 152 3759 1359 3842; baseline -0.003 -17"><span class='ocrx_word' id='word_1_311' title='bbox 152 3762 694 3842; x_wconf 84' lang='lat' dir='ltr'>coeliarcedescendens,pe1turbatis</span> <span class='ocrx_word' id='word_1_312' title='bbox 712 3761 867 3819; x_wconf 77' lang='lat' dir='ltr'>fraudibus</span> <span class='ocrx_word' id='word_1_313' title='bbox 887 3761 957 3832; x_wconf 88' lang='lat' dir='ltr'>tuis,</span> <span class='ocrx_word' id='word_1_314' title='bbox 973 3759 1075 3816; x_wconf 86' lang='lat' dir='ltr'>divino</span> <span class='ocrx_word' id='word_1_315' title='bbox 1095 3759 1178 3816; x_wconf 87' lang='lat' dir='ltr'>fonte</span> <span class='ocrx_word' id='word_1_316' title='bbox 1199 3768 1359 3837; x_wconf 86' lang='lat' dir='ltr'>purgatum</span> 
     </span>
     <span class='ocr_line' id='line_1_37' title="bbox 151 3855 1358 3941; baseline -0.003 -20"><span class='ocrx_word' id='word_1_317' title='bbox 151 3868 263 3941; x_wconf 83' lang='lat' dir='ltr'>pectus,</span> <span class='ocrx_word' id='word_1_318' title='bbox 276 3861 309 3920; x_wconf 87' lang='lat' dir='ltr'>id</span> <span class='ocrx_word' id='word_1_319' title='bbox 328 3867 375 3920; x_wconf 90' lang='lat' dir='ltr'>est</span> <span class='ocrx_word' id='word_1_320' title='bbox 393 3861 610 3919; x_wconf 82' lang='lat' dir='ltr'>sanctificatum</span> <span class='ocrx_word' id='word_1_321' title='bbox 631 3859 696 3918; x_wconf 89' lang='lat' dir='ltr'>Deo</span> <span class='ocrx_word' id='word_1_322' title='bbox 709 3857 855 3935; x_wconf 90' lang='lat' dir='ltr'>templum</span> <span class='ocrx_word' id='word_1_323' title='bbox 875 3863 906 3915; x_wconf 91' lang='lat' dir='ltr'>et</span> <span class='ocrx_word' id='word_1_324' title='bbox 926 3855 1136 3929; x_wconf 81' lang='lat' dir='ltr'>habitaculum,</span> <span class='ocrx_word' id='word_1_325' title='bbox 1151 3856 1302 3933; x_wconf 86' lang='lat' dir='ltr'>perficiat:</span> <span class='ocrx_word' id='word_1_326' title='bbox 1326 3866 1358 3917; x_wconf 93' lang='lat' dir='ltr'>et</span> 
     </span>
     <span class='ocr_line' id='line_1_38' title="bbox 149 3955 1357 4036; baseline -0.002 -18"><span class='ocrx_word' id='word_1_327' title='bbox 149 3961 188 4018; x_wconf 80' lang='lat' dir='ltr'>ab</span> <span class='ocrx_word' id='word_1_328' title='bbox 209 3959 346 4017; x_wconf 84' lang='lat' dir='ltr'>omnibus</span> <span class='ocrx_word' id='word_1_329' title='bbox 358 3958 478 4036; x_wconf 88' lang='lat' dir='ltr'>penitus</span> <span class='ocrx_word' id='word_1_330' title='bbox 490 3958 590 4016; x_wconf 83' lang='lat' dir='ltr'>noxiis</span> <span class='ocrx_word' id='word_1_331' title='bbox 609 3957 828 4033; x_wconf 81' lang='lat' dir='ltr'>praeteritorum</span> <span class='ocrx_word' id='word_1_332' title='bbox 848 3955 1006 4014; x_wconf 88' lang='lat' dir='ltr'>criminum</span> <span class='ocrx_word' id='word_1_333' title='bbox 1025 3955 1168 4012; x_wconf 89' lang='lat' dir='ltr'>liberatus</span> <span class='ocrx_word' id='word_1_334' title='bbox 1181 3974 1284 4013; x_wconf 89' lang='lat' dir='ltr'>servus</span> <span class='ocrx_word' id='word_1_335' title='bbox 1298 3957 1357 4015; x_wconf 90' lang='lat' dir='ltr'>Dei</span> 
     </span>
     <span class='ocr_line' id='line_1_39' title="bbox 149 4052 1355 4134; baseline 0 -22"><span class='ocrx_word' id='word_1_336' title='bbox 149 4056 260 4134; x_wconf 82' lang='lat' dir='ltr'>gratias</span> <span class='ocrx_word' id='word_1_337' title='bbox 279 4075 424 4133; x_wconf 85' lang='lat' dir='ltr'>perennes</span> <span class='ocrx_word' id='word_1_338' title='bbox 444 4054 509 4113; x_wconf 88' lang='lat' dir='ltr'>Deo</span> <span class='ocrx_word' id='word_1_339' title='bbox 522 4053 631 4112; x_wconf 85' lang='lat' dir='ltr'>referat</span> <span class='ocrx_word' id='word_1_340' title='bbox 652 4073 774 4132; x_wconf 85' lang='lat' dir='ltr'>semper,</span> <span class='ocrx_word' id='word_1_341' title='bbox 788 4060 820 4112; x_wconf 89' lang='lat' dir='ltr'>et</span> <span class='ocrx_word' id='word_1_342' title='bbox 839 4053 994 4113; x_wconf 85' lang='lat' dir='ltr'>benedicat</span> <span class='ocrx_word' id='word_1_343' title='bbox 1013 4071 1122 4111; x_wconf 89' lang='lat' dir='ltr'>nomen</span> <span class='ocrx_word' id='word_1_344' title='bbox 1136 4052 1200 4129; x_wconf 85' lang='lat' dir='ltr'>ejus</span> <span class='ocrx_word' id='word_1_345' title='bbox 1219 4060 1355 4112; x_wconf 83' lang='lat' dir='ltr'>sanctum</span> 
     </span>
     <span class='ocr_line' id='line_1_40' title="bbox 150 4148 646 4212; baseline -0.006 0"><span class='ocrx_word' id='word_1_346' title='bbox 150 4154 183 4212; x_wconf 88' lang='lat' dir='ltr'>in</span> <span class='ocrx_word' id='word_1_347' title='bbox 196 4153 303 4212; x_wconf 85' lang='lat' dir='ltr'>saeculn</span> <span class='ocrx_word' id='word_1_348' title='bbox 316 4153 497 4211; x_wconf 86' lang='lat' dir='ltr'>saeoulorum.</span> <span class='ocrx_word' id='word_1_349' title='bbox 540 4148 646 4210; x_wconf 87' lang='lat' dir='ltr'>Amen</span> 
     </span>
    </p>

    <p class='ocr_par' dir='ltr' id='par_1_10' title="bbox 211 4245 1355 4327">
     <span class='ocr_line' id='line_1_41' title="bbox 211 4245 1355 4327; baseline 0 -21"><span class='ocrx_word' id='word_1_350' title='bbox 211 4249 372 4326; x_wconf 76' lang='lat' dir='ltr'>Acljaootio</span> <span class='ocrx_word' id='word_1_351' title='bbox 395 4266 482 4327; x_wconf 78' lang='lat' dir='ltr'>caper</span> <span class='ocrx_word' id='word_1_352' title='bbox 503 4247 648 4307; x_wconf 69' lang='lat' dir='ltr'>mmmm</span> <span class='ocrx_word' id='word_1_353' title='bbox 670 4256 786 4308; x_wconf 76' lang='lat' dir='ltr'>concam</span> <span class='ocrx_word' id='word_1_354' title='bbox 809 4249 871 4308; x_wconf 82' lang='lat' dir='ltr'>siae</span> <span class='ocrx_word' id='word_1_355' title='bbox 892 4246 1040 4306; x_wconf 90' lang='lat' dir='ltr'>Dominus</span> <span class='ocrx_word' id='word_1_356' title='bbox 1063 4245 1223 4317; x_wconf 86' lang='lat' dir='ltr'>vobiscum,</span> <span class='ocrx_word' id='word_1_357' title='bbox 1245 4254 1272 4304; x_wconf 80' lang='lat' dir='ltr'>et</span> <span class='ocrx_word' id='word_1_358' title='bbox 1293 4246 1355 4306; x_wconf 77' lang='lat' dir='ltr'>ciac</span> 
     </span>
    </p>
   </div>
   <div class='ocr_carea' id='block_1_3' title="bbox 151 4347 286 4406">
    <p class='ocr_par' dir='ltr' id='par_1_11' title="bbox 151 4347 286 4406">
     <span class='ocr_line' id='line_1_42' title="bbox 151 4347 286 4406; baseline 0 0"><span class='ocrx_word' id='word_1_359' title='bbox 151 4347 286 4406; x_wconf 84' lang='lat' dir='ltr'>Oremus.</span> 
     </span>
    </p>
   </div>
   <div class='ocr_carea' id='block_1_4' title="bbox 0 0 1516 4966">
    <p class='ocr_par' dir='ltr' id='par_1_12' title="bbox 0 0 1516 4966">
     <span class='ocr_line' id='line_1_43' title="bbox 0 0 1516 4966; baseline 0 4"><span class='ocrx_word' id='word_1_360' title='bbox 0 0 1516 4966; x_wconf 95' lang='lat' dir='ltr'> </span> 
     </span>
    </p>
   </div>
  </div>
 </body>
</html>
