3022 4966
192 319 251 381 14·
542 311 888 378 Mannaleadnsam
901 310 1037 377 Soram.

249 479 286 538 N
283 500 321 539 on
329 479 508 555 procedatur
519 477 644 537 alteriea
656 477 691 536 in
704 476 756 536 Iseo
766 476 854 552 officio
866 476 901 535 in
916 475 1025 551 Viqilia
1034 473 1154 534 Pacta
1166 483 1194 535 et
1206 475 1393 548 Pentecosten

190 561 251 620 nisi
260 560 371 635 aliquis
378 560 417 617 sit
427 559 629 635 baptizandas,
639 566 778 633 atpostea
783 557 903 635 patebit.
932 555 966 613 N
965 564 1014 615 ota
1021 556 1100 631 qnod
1107 555 1142 614 in
1155 555 1264 632 Viqilia
1272 555 1395 614 Pascha

190 651 217 700 et
230 641 406 699 Pentecosten
425 637 597 698 consecratis
608 637 747 713 fontibus
759 658 821 696 non
832 636 1011 712 infundetur
1030 635 1125 694 oham
1143 656 1236 711 nepae
1254 636 1393 708 chrisma,

190 721 252 780 nisi
263 720 365 779 adsint
378 718 474 795 aliqni
486 718 562 796 qnid
572 717 853 794 debeantbaptieari,
867 718 917 776 sed
927 717 1096 775 linteamine
1109 716 1219 775 maredo
1228 715 1397 792 cooperian-

191 811 250 872 tnr,
264 808 291 859 et
310 820 401 874 asqnc
420 800 462 857 od
481 798 698 875 completoriam
711 797 831 857 Pascha
851 798 896 856 orl
913 797 1090 855 Pentecostes
1108 805 1297 867 reserrentur,
1311 805 1353 858 as.
1368 796 1397 855 si

181 881 264 957 sorte
283 879 330 938 Isis
342 880 442 938 dielm
461 879 572 955 aliquis
592 877 786 954 baptizandas
804 877 1143 952 adamansecendasis
1162 885 1189 935 et
1201 877 1396 952 sanctificatis

182 960 321 1035 fontibus
335 969 404 1018 sam
417 959 471 1017 olei
485 969 511 1018 et
524 958 689 1017 chrismatis
702 958 859 1033 infasione,
873 957 1042 1034 baptizetur.

251 1041 322 1100 Post
335 1040 394 1098 liae
410 1040 508 1097 mittat
520 1039 660 1098 Sacerdos
674 1038 767 1098 oleam
780 1047 915 1098 sanctam
928 1057 995 1096 crem
1007 1038 1073 1113 ipsa
1088 1036 1212 1109 didimia,
1226 1056 1291 1113 qna
1304 1036 1396 1095 estin

189 1140 254 1181 case
265 1120 336 1197 aas,
351 1122 386 1178 in
398 1140 518 1195 aqnane,
531 1119 650 1196 sipnnm
663 1120 758 1178 erneis
762 1118 889 1193 faciens,
904 1127 930 1177 et
943 1119 1041 1176 dicens
1050 1141 1060 1177 :

250 1200 429 1279 Conjunctio
442 1200 500 1259 olei
519 1199 668 1257 unctionis
681 1206 713 1257 et
725 1218 810 1276 uquoe
823 1199 1018 1276 bsptismatis.
1060 1196 1100 1254 In
1113 1197 1232 1256 nomine
1247 1195 1348 1255 Petris
1363 1203 1396 1255 et

189 1282 262 1340 Filii
274 1287 306 1340 et
320 1281 449 1357 Spiritus
463 1280 572 1340 Sancti
614 1280 723 1338 Amen.

249 1361 351 1420 Simili
364 1362 448 1419 modo
462 1362 560 1419 mittat
573 1359 699 1418 chrisma
712 1359 827 1417 disens:

250 1441 438 1500 Fecundetur
451 1447 482 1499 ct
495 1440 769 1498 sanctificeturfous
783 1440 838 1498 iste
852 1438 1003 1497 salutifero
1018 1438 1184 1497 chrismate.
1220 1436 1260 1495 Iu
1270 1436 1396 1495 nomine

190 1521 289 1580 Putris
302 1528 334 1580 et
347 1521 419 1579 Filii
432 1527 463 1579 et
478 1521 607 1596 Spiritus
622 1520 732 1578 Sancti.

249 1602 355 1660 Postea
367 1602 464 1660 mittat
477 1601 568 1659 simul
580 1600 674 1660 oleam
687 1619 753 1658 cane
766 1598 919 1658 chrimate
931 1599 1016 1658 modo
1026 1599 1202 1676 supradicto,
1217 1595 1313 1656 dicens
1321 1620 1332 1657 :

250 1681 323 1759 Conj
328 1682 429 1739 unctio
460 1680 627 1738 chrismatis
656 1680 898 1738 sanctificationis
925 1686 957 1738 et
986 1678 1044 1738 olei
1074 1678 1224 1736 unctionis
1249 1684 1280 1736 et
1307 1696 1395 1754 squse

190 1761 383 1840 bsptismatis.
427 1761 466 1819 In
480 1761 609 1834 nominc,
623 1768 649 1819 et
662 1770 761 1820 cetera.

633 1923 732 1983 Rmos
753 1925 953 1983 Burrmmm.

251 2055 336 2112 Tana
348 2061 483 2130 portetur
498 2053 602 2128 infans
621 2053 663 2110 ad
678 2052 779 2128 sontes
798 2055 835 2113 ab
855 2054 901 2113 leis
919 2055 971 2130 qai
992 2075 1058 2114 enm
1077 2055 1239 2132 sresceptnri
1258 2063 1329 2112 sant
1352 2057 1397 2113 ad

189 2135 373 2210 baptismum,
386 2133 511 2209 ipsisque
524 2133 647 2192 eandem
662 2153 792 2210 pueram
805 2155 892 2211 super
902 2134 1004 2210 sontes
1017 2136 1212 2194 intermunus
1224 2135 1395 2208 tenentibus,

185 2223 280 2291 ponat
299 2213 440 2273 Sacerdos
458 2233 582 2272 :nonam
602 2215 734 2273 dextram
754 2235 841 2291 super
861 2235 947 2285 eam;
967 2224 994 2274 et
1011 2215 1188 2291 interropato
1200 2215 1263 2291 dns
1275 2216 1397 2274 nomine

188 2296 380 2372 respondeant
400 2295 454 2370 qni
474 2303 655 2368 contenent,
671 2295 711 2353 Ν.
754 2294 829 2353 Item
845 2295 984 2354 Sacerdos
999 2296 1099 2354 dicat:
1122 2296 1171 2367 N„
1187 2296 1399 2354 Abrsnuntius

190 2375 316 2434 Saluum.
359 2376 563 2452 Respondeant
584 2375 761 2451 compatricii
781 2384 808 2434 et
830 2377 1045 2435 commatrinae:
1070 2375 1270 2434 Abrcnuutio.
1316 2374 1398 2435 Item

188 2454 343 2516 Sacerdos:
364 2456 405 2513 Et
421 2457 558 2513 omnibus
576 2455 713 2532 operibus
726 2457 798 2531 ejus.
838 2457 1057 2532 Respondeant:
1079 2457 1276 2514 Abrcuuntio.
1316 2453 1397 2514 Item

189 2535 344 2595 Sacerdos:
365 2536 407 2593 Et
420 2537 557 2594 omuibus
570 2537 685 2613 pompis
698 2537 768 2611 ejus
812 2536 1029 2612 Respondeant:
1050 2536 1248 2595 Abrenuntio.

249 2617 354 2674 Postea
368 2625 472 2690 inrepat
485 2617 624 2674 Sacerdos
632 2624 734 2692 pectas
747 2616 875 2692 infantis
888 2626 914 2674 et
928 2618 1006 2675 inter
1018 2617 1154 2692 scapulas
1166 2618 1201 2674 dc
1219 2616 1277 2674 oleo
1294 2626 1398 2676 sancto

189 2717 302 2755 crescens
312 2696 431 2770 faciens
449 2717 515 2753 cnm
535 2697 648 2772 pollice,
667 2698 784 2755 dicens:
809 2699 859 2769 N.,
880 2698 921 2754 Et
943 2718 996 2771 ego
1014 2699 1087 2753 linio
1112 2704 1151 2769 to,
1176 2716 1262 2771 super
1281 2706 1395 2771 pectus,

189 2778 252 2833 olco
275 2776 388 2845 salutm,
406 2778 482 2832 inter
502 2776 645 2851 scripulos,
666 2778 704 2832 Iu
726 2777 845 2835 Christo
865 2779 939 2835 Jesu
961 2779 1090 2835 Domino
1111 2783 1211 2834 nostro
1232 2784 1266 2834 ut
1286 2777 1398 2834 habeus

189 2858 283 2914 vitam
297 2862 445 2925 aeternnm,
462 2863 492 2912 et
506 2858 589 2912 vivus
603 2857 634 2911 in
649 2856 754 2914 saecula
768 2858 947 2915 sacculorum.
991 2858 1099 2915 Amen.

249 2935 379 2992 *Deinde
390 2936 686 3009 interropatonoou'ne
695 2937 764 3011 specs,
777 2940 996 3013 respondeant‚†
1006 2938 1044 2996 N.
1076 2937 1151 2995 Item
1161 2937 1314 2995 Sacerdos:
1328 2937 1400 3008 N.‚*

191 3016 292 3072 Credis
306 3016 338 3071 in
354 3016 451 3071 Deum
466 3016 586 3072 Patrem
601 3017 833 3092 omnipotentem
847 3026 1006 3076 creatorem
1022 3019 1084 3075 caeli
1098 3024 1128 3075 ot
1138 3026 1232 3074 terrm.
1268 3017 1398 3091 Respon-

189 3097 296 3153 deant:
317 3095 422 3152 Cred0.
463 3096 539 3153 Item
552 3097 709 3154 Sacerdos:
727 3098 777 3167 N„
791 3099 893 3155 Credis
907 3105 938 3156 et
952 3101 982 3154 iu
996 3100 1015 3156 J
1020 3119 1101 3156 osum
1115 3099 1266 3155 Christum
1281 3097 1397 3155 Filium

189 3178 253 3251 ejus
264 3176 393 3244 unicum,
406 3177 569 3233 Dominum
581 3183 723 3249 nostrum,
734 3187 837 3235 natum
849 3186 879 3236 et
889 3199 1014 3255 passum.
1052 3180 1270 3254 Respondeant:
1289 3178 1394 3237 Credo.

189 3256 264 3315 Item
284 3257 438 3316 Sacerdos:
461 3256 494 3312 N
495 3302 512 3328 .,
532 3258 634 3314 Credis
648 3265 678 3315 ct
692 3259 724 3315 in
739 3259 884 3334 Spiritum
899 3260 1059 3330 Sanctun1;
1082 3266 1213 3316 sanctam
1232 3257 1397 3315 Ecclesiam

190 3337 392 3407 Catholicam3
413 3345 581 3395 sanctorum
592 3340 827 3396 communionem
839 3361 847 3412 3
865 3341 1066 3397 remissionom
1077 3347 1281 3415 pcccatorum:
1297 3340 1397 3396 carnis

189 3420 442 3490 resurrectionem,
457 3425 489 3477 et
507 3420 601 3476 vitam
621 3427 762 3477 aetomam
784 3427 851 3496 post
872 3429 1005 3478 moitem.
1049 3420 1267 3494 Respondeant:
1290 3418 1395 3477 Credo.

191 3499 274 3558 Pareo
297 3500 451 3575 intcrropot
475 3499 615 3558 Sacerdos
642 3501 767 3575 ssnonsen
794 3500 929 3576 irp‘antis,
955 3502 1072 3558 diceus:
1101 3501 1173 3576 N.‚‡
1201 3499 1280 3568 Quid
1307 3501 1395 3574 petis.

188 3579 407 3655 Respondeant:
428 3581 622 3657 Baptismum.
660 3579 735 3639 Item
748 3581 901 3640 Sacerdos:
916 3581 973 3639 Vis
987 3581 1138 3657 baptizari.
1176 3580 1397 3655 Respondeant:

190 3659 277 3717 Volo.

249 3739 363 3798 Deinde
382 3742 507 3815 accipiat
525 3741 665 3799 Sacerdos
683 3741 827 3816 infantem
849 3740 866 3809 ss
870 3761 926 3818 per
944 3741 1059 3816 laterass
1079 3742 1111 3798 in
1130 3740 1266 3798 itineribus
1282 3740 1354 3810 sais,
1371 3752 1398 3798 et

188 3820 367 3894 interropoto
382 3822 497 3879 reorseine
511 3822 572 3896 cjccs
586 3823 707 3897 baptizet
721 3843 787 3880 cam
800 3825 854 3881 sah
870 3825 949 3880 trina
963 3824 1103 3881 mersione
1116 3830 1233 3879 tantscm
1253 3820 1398 3879 Sanctam

191 3901 365 3958 Trinitatem
378 3901 548 3972 invocando,
560 3903 605 3959 ita
619 3903 731 3962 diceres:
748 3904 799 3976 N„
816 3905 857 3961 Et
870 3924 923 3979 ego
937 3905 1052 3979 baptizo
1063 3911 1093 3960 te
1103 3903 1135 3959 in
1146 3901 1266 3959 nomine
1281 3900 1398 3972 Patris3

192 3979 229 4036 Et
241 3990 349 4054 mcrpat
363 4000 429 4038 cans
443 3983 527 4039 sereret
539 4003 621 4040 oersa
631 3982 716 4056 sarcio
734 3984 776 4041 ad
792 3984 958 4058 aquilonem
976 3993 1002 4042 et
1021 3985 1112 4059 eapite
1126 4002 1225 4041 versus
1238 3981 1379 4039 orie-ntem
1385 4005 1397 4050 ;

249 4158 266 4188 ⁴*
289 4160 535 4219 MS.—“Dc·inde
556 4162 709 4238 interropet
729 4163 868 4222 Sacerdos
887 4186 990 4223 nonccn
1011 4165 1149 4240 inferetis,
1168 4165 1265 4222 diceus
1285 4165 1327 4222 ad
1352 4167 1399 4224 in-

187 4238 323 4305 firmem:
347 4241 425 4309 Quid
441 4242 561 4299 vocaris.
604 4243 806 4318 Respondeant
814 4246 941 4319 patrini,
958 4246 1016 4303 N.''

248 4321 267 4434 ’p
281 4319 347 4457 Ὶὸὶίμ
359 4320 429 4456 Βὲἒέ
440 4320 494 4379 has
508 4321 691 4398 throughout
705 4323 756 4381 the
770 4327 934 4402 paiugrsph
949 4327 1165 4402 “respondeant
1174 4323 1318 4401 patrini.’'

251 4437 267 4472 4
349 4442 355 4455 .
432 4443 439 4456 .
