3022 4966
277 355 318 420 ee
605 350 762 420 enac
778 349 1157 436 sanenamenn.

275 541 337 592 torn
351 533 384 591 in
398 534 532 592 secundis
545 533 660 610 nuptiis
673 532 817 612 quentin
832 532 952 610 peinais,
967 532 1128 592 coeundum
1142 531 1309 592 Itonia-nent
1322 533 1489 597 Ecclesiam

272 639 300 691 et
314 631 474 690 necandum
487 631 623 689 Doctores
636 630 819 689 IIoatienrem
832 639 858 689 et
873 630 1021 688 Tboneom.

263 791 267 802 ¹
335 729 511 789 Notandum
529 731 608 805 qnod
624 730 671 787 vir
684 729 728 787 vei
743 729 851 788 mulier
863 730 905 787 od
918 729 1077 804 bicantiorn
1091 728 1137 787 nel
1152 728 1195 788 od
1206 731 1349 789 accendor
1361 733 1490 809 nuptias

273 826 420 893 tannim
433 846 494 884 non
507 825 585 884 debet
598 827 705 885 iterum
719 847 739 884 a
747 826 904 902 presbitero
919 825 1047 884 benedici
1064 823 1187 902 (Extra,
1202 827 1299 884 eodem
1313 827 1408 900 titulo,
1425 828 1488 887 Vir

273 923 396 1001 autem).
442 923 605 982 Hoetieneie
624 924 697 982 dicit
721 925 801 1000 qnod
820 944 954 1001 perrone
976 924 1115 983 nnbentea
1137 943 1200 982 non
1218 925 1432 983 benedicuntur
1452 927 1488 987 in

271 1020 407 1080 inaneis
419 1020 551 1096 nuptiie,·
575 1020 660 1096 cnjus
675 1021 754 1080 rotio
772 1029 813 1080 eet
834 1021 907 1096 quie
922 1040 978 1096 per
995 1040 1113 1079 comem
1125 1020 1204 1079 aliae
1218 1021 1396 1080 benedictam
1416 1042 1487 1082 caro

271 1136 333 1176 non
359 1115 515 1190 berndicto,
536 1137 603 1175 cam
630 1136 691 1192 qno
710 1115 862 1191 jnnyitnr,
884 1115 1069 1175 benedicitur.
1115 1114 1157 1174 In
1177 1117 1379 1177 commixtim
1405 1121 1487 1197 enine

270 1234 434 1291 coeperunt,
443 1235 500 1291 per
522 1235 614 1290 qnam
637 1214 803 1289 efficiantur
824 1232 889 1272 nno
912 1232 979 1272 coro
1002 1214 1049 1272 eir
1068 1222 1095 1272 et
1117 1213 1314 1286 metientem
1335 1214 1485 1275 benedicto

271 1312 363 1371 trabit
383 1314 425 1371 od
444 1333 473 1372 ee
493 1332 610 1371 contem
630 1331 690 1371 non
703 1312 903 1382 benedicten·
924 1312 999 1370 eicnt
1019 1311 1113 1369 oleam
1133 1319 1267 1370 ranetam
1288 1312 1380 1370 trabit
1400 1315 1443 1372 ad
1454 1335 1484 1374 ac

270 1408 365 1470 oleum
378 1410 546 1467 odmrntnm
559 1428 619 1466 non
633 1416 776 1481 candum,
792 1417 819 1466 et
832 1409 873 1466 cic
887 1417 979 1466 totum
992 1411 1032 1483 fit
1045 1416 1187 1468 sanctum.
1231 1407 1304 1467 Hoec
1316 1409 1484 1471 Hoetienria

268 1505 304 1564 in
321 1506 403 1581 eloco
420 1526 508 1582 enper
527 1504 700 1581 capitulum,
715 1504 776 1562 Vir
795 1511 904 1562 autem.
957 1504 1018 1562 Hic
1037 1503 1153 1563 videtur
1172 1503 1339 1564 Hortienaic
1359 1505 1483 1567 innuere

269 1603 350 1680 qnod
364 1603 456 1661 nnibae
468 1603 600 1662 secrertdee
620 1603 733 1679 neptim
753 1602 813 1660 eint
834 1601 1036 1661 benedicende.
1080 1600 1178 1678 anae
1201 1602 1384 1661 cmstrarinm
1408 1605 1483 1664 dicit

270 1700 413 1770 Thomna·
434 1701 484 1758 eed
504 1699 573 1757 buic
593 1700 724 1775 antiqnoe
739 1699 947 1757 corecertctioni
958 1701 1052 1773 finem
1062 1697 1149 1773 ponit
1163 1699 1299 1775 qnoedam
1313 1701 1482 1761 eonrtitntio

269 1816 335 1874 qnoe
348 1796 581 1872 creditursnieee
594 1795 746 1855 Jobnnnis
757 1796 829 1854 ennii.
841 1818 853 1866 ;
874 1796 926 1854 nbi
939 1796 1019 1869 dicit,
1035 1797 1114 1872 quod
1131 1796 1158 1853 ei
1166 1795 1278 1871 forsan
1291 1796 1366 1855 atter
1381 1816 1482 1856 eornm

268 1893 314 1952 vet
325 1894 409 1951 ansbo
425 1894 468 1952 ad
482 1895 623 1953 secundae
636 1894 758 1970 nuptiae
772 1903 952 1953 troneenntee
965 1893 1000 1951 in
1008 1893 1119 1970 primis
1131 1893 1271 1951 benedicti
1282 1893 1479 1968 rwnfnerint,

268 1989 373 2047 dendo
393 1999 433 2048 eat
453 1990 608 2049 benedictio
626 1991 661 2049 in
674 1991 814 2048 scenordia.
860 1990 945 2061 Quod
958 1990 999 2048 eie
1012 1990 1158 2065 inteltipe:
1178 1989 1214 2048 Si
1232 1990 1363 2048 moritur
1383 1991 1481 2049 oidnoe

268 2095 398 2159 morture,
420 2088 474 2163 qni
493 2087 635 2163 nonfuit
655 2087 873 2146 benedictin
893 2087 1028 2146 exuent
1047 2086 1163 2163 nuptiis
1183 2086 1266 2145 illine
1284 2088 1394 2159 cidnoe,
1416 2109 1481 2148 con·

268 2184 390 2243 traxerit
413 2204 480 2244 cnm
501 2185 603 2244 relicte
625 2184 717 2242 vidue
736 2204 802 2259 qnoe
826 2204 887 2242 non
899 2183 970 2259 suit
992 2183 1139 2242 benedicto
1155 2184 1190 2241 in
1210 2183 1345 2243 tenendis
1363 2185 1481 2262 nnptiia

266 2283 370 2340 meriti
389 2283 446 2355 eni,
469 2283 569 2341 debent
593 2281 707 2356 nuptie
727 2299 827 2339 eoricm
851 2281 984 2338 recundoe
1008 2281 1143 2353 benedici,
1171 2281 1243 2355 qnia
1266 2288 1370 2338 neuter
1389 2282 1481 2358 peina

256 2377 364 2452 suem
384 2380 419 2438 in
438 2381 553 2456 nnptiie
574 2379 745 2439 benedictae.
803 2375 1046 2436 Cornimiiiterei
1069 2377 1125 2450 iiie,
1149 2378 1202 2453 qni
1220 2376 1312 2454 princ
1332 2379 1481 2439 contraxit

265 2495 332 2536 cum
353 2479 445 2535 viden
465 2487 492 2536 et
510 2497 570 2535 non
580 2475 680 2551 feerit
694 2476 728 2533 in
740 2475 877 2534 secundis
894 2474 1010 2551 nuptiie
1023 2475 1086 2551 ejece
1106 2475 1276 2547 benedictae,
1294 2485 1481 2537 contrarierat

265 2591 333 2630 enm
351 2574 464 2648 ciryine
485 2593 563 2631 sene
580 2581 691 2644 contro,
706 2572 904 2631 benedicenda
921 2581 991 2631 eunt
1007 2573 1119 2648 nuptie
1132 2592 1238 2631 eornm
1280 2571 1333 2632 Sic
1350 2575 1479 2652 intolliqe

265 2667 350 2726 iilam
374 2669 607 2727 constitutionem
633 2689 698 2743 qnoe
718 2669 759 2726 sic
781 2669 887 2744 incipit
915 2668 1138 2726 Consertationi
1160 2669 1301 2746 antiquie.
1344 2669 1423 2731 Item
1444 2674 1480 2732 dc

256 2764 329 2842 jure
353 2766 475 2839 antinno
499 2766 667 2841 capellanus
691 2765 855 2824 benedicens
877 2767 1019 2824 nectendas
1040 2766 1162 2842 nuptiae
1181 2786 1338 2843 &cepenam
1358 2779 1424 2828 erat
1443 2770 1478 2830 ab

266 2861 356 2934 officio
370 2870 395 2917 et
417 2860 555 2935 beneficio,
571 2871 597 2918 et
610 2862 769 2919 mittendae
782 2871 845 2920 erat
857 2863 899 2920 cd
912 2863 1005 2920 sedern
1023 2862 1210 2938 apostolicam
1223 2883 1281 2939 pro
1298 2863 1478 2927 obeolatione

266 2955 432 3027 obtinendo,
453 2965 488 3014 nt
508 2957 612 3028 Extra,
628 2959 725 3016 eodem
743 2960 837 3032 titnio,
854 2959 983 3035 capitulo
998 2960 1106 3037 primo.
1150 2959 1208 3018 Sed
1225 2960 1278 3018 iete
1295 2961 1381 3036 riyor
1393 2963 1476 3022 bodie

265 3060 451 3127 temperatur,
465 3052 508 3110 ite
528 3055 607 3128 qaod
622 3054 776 3130 presbiteri
794 3056 848 3131 qni
866 3057 1009 3114 secundae
1024 3057 1147 3132 nuptiae
1165 3057 1373 3130 benedixerint,
1387 3060 1474 3119 etiarn

263 3150 392 3221 acnrder,
414 3170 448 3208 ex
467 3150 518 3208 boc
538 3151 580 3208 od
599 3153 694 3211 eedem
713 3153 901 3228 apostoticam
921 3154 1019 3212 oeriire
1038 3154 1160 3213 minime
1181 3163 1359 3215 umorum:
1387 3158 1439 3218 ced
1455 3178 1474 3215 o

260 3266 350 3324 ptem
367 3249 563 3323 snepencionie
576 3249 611 3306 in
624 3248 676 3307 boc
690 3270 760 3309 caen
773 3270 792 3308 o
802 3251 874 3326 jure
887 3251 1001 3309 indicte
1014 3270 1070 3326 per
1082 3269 1150 3309 neor
1162 3261 1289 3327 poscent
1307 3254 1473 3315 diocemnot

262 3343 379 3403 obsotoi.
422 3344 494 3402 Hoec
502 3346 648 3420 proedicto
655 3357 760 3423 potent
774 3348 808 3405 in
822 3348 881 3406 istc
894 3348 1096 3405 constitutione
1109 3349 1257 3423 repetenti:

324 3443 548 3502 Ooncertationi
561 3444 692 3521 antiquae
704 3445 793 3502 finem
803 3445 955 3521 imponere
965 3446 1128 3521 cupientes,
1139 3445 1280 3521 presenti
1290 3445 1472 3508 declaramus

261 3540 367 3613 edicte,
382 3540 462 3617 quod
481 3539 553 3598 lieet
566 3540 614 3598 vir
627 3541 677 3598 vel
691 3542 799 3598 mulier
819 3542 858 3598 ad
878 3541 1038 3618 bigamiam
1059 3541 1107 3599 vel
1127 3541 1165 3599 ad
1186 3542 1334 3602 secundae
1355 3549 1473 3626 nuptiae

260 3638 444 3708 transierint,
459 3636 593 3695 benedici
615 3657 676 3695 non
697 3637 833 3710 debeant,
851 3658 919 3696 cum
940 3639 1054 3696 fuerint
1073 3638 1147 3695 aliae
1167 3639 1327 3698 benedicti.
1375 3643 1472 3703 Sedet

258 3735 384 3793 forsitan
398 3735 474 3792 elter
488 3754 590 3792 eorum
605 3735 653 3792 vel
667 3737 754 3792 ambo
768 3742 867 3793 essent
881 3735 919 3791 ad
937 3735 1080 3791 secundas
1093 3734 1214 3812 nuptias
1228 3742 1433 3815 transeuntes,
1445 3748 1473 3800 et

258 3831 292 3889 in
305 3832 410 3908 primis
423 3832 538 3906 nuptiis
552 3832 702 3890 benedicti
717 3853 778 3890 non
799 3832 921 3904 fuerint,
937 3832 1035 3889 danda
1047 3838 1093 3888 est
1106 3831 1274 3890 benedictio
1288 3834 1322 3892 in
1338 3839 1473 3899 accendit

258 3929 382 4003 nuptiis.
425 3928 502 3985 Sene
517 3929 652 3987 volentes
669 3931 828 4007 antiquum
845 3929 972 4005 rigorem
988 3935 1163 4003 temperare,
1178 3931 1385 4009 concedimus,
1399 3935 1472 4015 quod

259 4025 416 4102 presbiteri
434 4024 487 4101 qui
506 4027 649 4085 secundas
669 4029 791 4103 nuptias
811 4025 1020 4097 benedixerint
1040 4024 1176 4097 scienter,
1191 4026 1349 4089 adsedem
1363 4042 1473 4113 aposto

257 4121 346 4179 licam
367 4141 405 4179 ex
426 4121 480 4180 hoc
501 4124 638 4183 accedere
659 4125 783 4182 minime
805 4129 974 4195 teneantur,
989 4123 1072 4181 seda
1086 4144 1172 4202 prena
1193 4130 1409 4203 ermpensionis
1424 4135 1472 4194 hoc

258 4237 327 4278 casu
341 4239 360 4276 a
368 4220 438 4295 jure
448 4218 561 4277 indicta
572 4240 624 4296 per
634 4241 701 4279 suos
712 4230 836 4298 possunt
847 4222 1015 4278 diocesanos
1023 4221 1144 4281 absolvi.
1189 4223 1288 4300 siqui
1298 4245 1377 4288 vero
1386 4232 1472 4309 juxta
1509 4248 1511 4284 f

257 4318 428 4394 opinionem
442 4318 628 4393 quorundam
642 4337 673 4375 se
686 4337 747 4376 non
760 4323 934 4394 reputantes
950 4335 1114 4392 suspensos,
1126 4318 1245 4377 ordines
1255 4324 1419 4398 quoslibet
1427 4345 1472 4387 sen
1510 4309 1511 4366 i

256 4416 369 4493 quaeris
390 4416 532 4473 beneficia
554 4415 727 4493 receperint,
745 4414 894 4474 diocesani
916 4433 1019 4473 eorum
1036 4433 1055 4472 a
1072 4433 1158 4492 paene
1177 4420 1391 4494 suspensionis
1410 4443 1472 4505 pm
1508 4449 1511 4474 2
