3022 4966
457 396 505 460 Iu
518 396 578 462 Ad
597 396 745 463 Vincula
759 398 869 464 sancii
881 399 987 466 Pelei.

285 665 324 723 Iu
344 664 443 722 Fnsro
464 662 667 723 Nirrvrmrrs
688 680 795 723 eaucm
815 665 837 723 J
839 681 973 725 ossuum
993 666 1160 725 Burusrm

183 803 225 861 In
238 803 318 861 exitu
331 803 450 861 dicutur
463 803 559 880 Stirps
572 802 595 861 J
595 823 666 876 esse,
680 813 706 862 et
720 813 817 863 celera.

183 901 226 960 In
238 902 333 961 eundo
346 902 464 960 dicotur
476 901 707 978 Remorcsorium.

183 1001 270 1060 Inter
293 1005 378 1057 natos
401 1000 558 1058 mulierum
586 1019 648 1058 non
669 1001 801 1059 surrexit
820 1001 916 1078 major
935 1001 1074 1061 Johanne
1096 1003 1241 1081 Baptista,
1265 1004 1325 1075 Qui

123 1099 204 1157 viam
218 1098 347 1156 Domino
360 1100 538 1175 praeparavit
549 1099 581 1157 in
595 1118 699 1158 eremo.

129 1197 160 1258 V.
183 1196 473 1255 Fuiihomomiesue
487 1218 506 1255 a
519 1197 591 1268 Deo,
606 1197 774 1255 cuinomen
789 1196 1027 1256 eraiJohannee.
1071 1197 1132 1268 Qui
1144 1199 1231 1258 viam.

131 1295 161 1354 V.
179 1294 197 1374 (
197 1295 383 1354 sacerdotalia
382 1296 408 1374 )
450 1296 524 1354 Fuit
537 1296 625 1355 homo
635 1296 740 1354 missus
753 1316 772 1355 a
785 1296 858 1354 Deo.

187 1392 296 1452 Oratio.

183 1490 276 1563 Deus,
300 1490 352 1568 qui
378 1498 552 1567 praesentem
574 1491 653 1550 diem
675 1492 877 1551 honorabilem
904 1492 990 1550 nobis
1011 1491 1044 1549 in
1071 1492 1151 1550 beuti
1178 1492 1327 1552 Johannis

123 1588 283 1647 nativitate
305 1587 419 1661 fecisii3
439 1588 477 1645 da
500 1590 617 1666 popufis
641 1589 702 1648 iuis
725 1590 926 1667 spiritualium
947 1590 1074 1666 gratiam
1095 1589 1280 1666 gaudiorum,
1295 1597 1327 1649 et

123 1687 257 1746 omnium
271 1687 403 1745 fidelium
416 1693 530 1744 menies
543 1687 638 1765 dirige
647 1688 680 1744 in
694 1688 774 1746 viam
787 1688 892 1748 salutis
906 1693 1031 1747 aeternae.
1076 1688 1134 1746 Per
1149 1688 1310 1748 Christum.

184 1784 234 1843 Ad
247 1785 403 1843 introitum
416 1792 449 1842 ul
462 1805 555 1861 cupra
567 1794 696 1844 notatur.

375 1971 415 2028 Iu
437 1970 535 2029 Fusco
557 1986 775 2048 anosronouuu
795 1972 894 2029 Pnrm
914 1989 952 2030 nr
974 1972 1081 2032 Pium.

186 2105 230 2165 In
242 2106 322 2164 exitu
336 2106 429 2166 Cleri
442 2107 669 2182 Bospori-coriam
678 2130 688 2166 :
709 2106 806 2184 Stirps
818 2106 841 2165 J
842 2127 912 2182 esse,
927 2118 953 2167 et
967 2118 1065 2168 cetera.

185 2202 228 2262 In
241 2205 336 2261 eundo
352 2204 580 2278 Responsa-mn
589 2227 599 2263 .·

188 2299 342 2358 cornelius
362 2301 505 2371 centurio,
527 2301 575 2357 vir
594 2300 748 2377 religiosus
768 2321 802 2359 ac
822 2302 931 2360 timens
952 2302 1051 2361 Deum
1072 2303 1150 2361 vidit
1172 2303 1327 2364 manifeste

126 2396 264 2474 angelum
289 2397 349 2454 Dei
371 2397 519 2454 dicentem
542 2397 623 2455 eibi:
658 2396 785 2469 Corneli,
807 2398 894 2456 mitte
916 2404 947 2456 ei
970 2400 1079 2457 accersi
1103 2400 1254 2458 Simonem
1274 2403 1328 2479 qui

126 2494 352 2572 cognominatur
366 2493 492 2565 Petrus3
512 2493 561 2551 hic
574 2493 653 2551 dicet
665 2493 731 2566 tibi,
748 2494 828 2564 Quid
842 2500 872 2552 te
885 2501 1020 2571 operient
1032 2496 1134 2554 facere.

130 2590 160 2651 V.
187 2591 264 2649 (lum
292 2596 402 2648 orasset
429 2589 591 2662 Cornelius,
617 2591 749 2648 nondum
777 2591 810 2647 in
838 2589 957 2650 Christo
984 2599 1114 2666 renatus,
1139 2593 1277 2670 apparuit
1298 2593 1328 2652 ei

130 2688 252 2767 angelus
266 2687 373 2759 dicens,
388 2687 514 2746 Corneli
558 2687 639 2757 Quid
651 2693 683 2746 te
696 2694 832 2765 oporteat
844 2688 945 2749 facere.

191 2785 294 2844 Gloria
307 2784 392 2842 Patri
405 2791 435 2842 et
450 2784 527 2841 Filio
540 2790 572 2842 ei
585 2785 712 2863 Spiritui
725 2786 842 2846 Sancto.
886 2787 965 2858 Quid
979 2796 1010 2848 ie
1024 2794 1160 2867 oporteat
1173 2789 1274 2849 facere

182 2881 324 2958 Sequitur
337 2881 564 2957 Reepouecrium
573 2905 583 2942 :

184 2978 282 3049 Petne,
297 2998 377 3036 emas
392 2981 457 3037 mei
497 2978 544 3036 Tu
557 2979 621 3053 scis,
633 2980 770 3054 Domine,
785 2982 857 3058 quia
869 3001 935 3040 amo
947 2988 986 3042 te.
1030 2982 1120 3042 Pasce
1133 3003 1203 3043 oves
1216 3003 1304 3044 meae

128 3074 158 3135 V.
187 3076 290 3134 Simon
311 3076 467 3146 Johannie,
481 3075 581 3153 diligis
602 3096 649 3136 me
669 3078 736 3155 plus
757 3077 826 3138 hiel
870 3079 915 3137 Tu
935 3080 1000 3152 scis,
1016 3079 1154 3154 Domine,
1169 3082 1241 3158 quia
1259 3101 1326 3141 amo

123 3180 161 3233 ie
205 3172 305 3231 Pasce.

187 3269 291 3329 Gloria
304 3269 390 3327 Patri
403 3275 434 3328 et
448 3269 525 3327 Filio
538 3275 569 3327 ei
583 3269 709 3347 Spiritui
723 3271 839 3330 Sancto.
882 3272 980 3330 Pasce.

129 3365 160 3425 7.
180 3365 410 3443 (sacerdotalis).
452 3366 499 3423 Tu
512 3384 543 3424 es
556 3365 674 3440 Petrus,
688 3373 719 3424 ei
732 3386 820 3444 super
832 3367 907 3424 hanc
921 3374 1044 3444 petram.

187 3462 298 3521 Oratio.

186 3558 278 3631 Deua,
307 3557 360 3634 qui
385 3558 559 3616 hodiernam
582 3559 664 3630 ¹diem
691 3558 890 3635 apostolorum
920 3564 1042 3616 tuorum
1070 3557 1155 3614 Petri
1181 3562 1212 3615 et
1239 3557 1328 3617 Pauli
1413 3581 1415 3584 ⁴

124 3657 268 3733 martyrio
292 3656 466 3715 consecrasti
477 3677 486 3729 3
518 3658 556 3714 da
577 3657 703 3714 ecclesia
724 3663 785 3713 tuae
809 3673 911 3712 eorum
935 3655 968 3710 in
992 3655 1131 3712 omnibus
1154 3654 1238 3733 sequi
1256 3675 1328 3734 prae·

125 3758 252 3831 ceptum,
269 3773 322 3831 per
335 3773 410 3830 quos
423 3753 573 3828 religionis
590 3753 717 3830 sumpsit
730 3751 893 3810 exordium.
935 3750 995 3808 Per
1009 3749 1169 3809 Christum.

186 3849 236 3908 Ad
248 3851 404 3910 introitum
419 3849 519 3922 olori,
534 3858 568 3906 ul
581 3869 673 3925 cupra
686 3858 814 3908 notatur.

462 4038 502 4094 Iu
522 4037 576 4095 An
597 4036 744 4096 Vnicum
764 4051 871 4094 ssucm
892 4034 998 4093 Purm.

186 4172 229 4230 In
241 4172 322 4230 cuitu
335 4172 580 4249 Reepomorium:
601 4171 698 4249 stirps
711 4172 733 4230 J
735 4191 805 4246 esee,
821 4180 848 4230 el
862 4180 961 4231 cetera.

185 4267 227 4326 In
241 4269 336 4327 eundo
350 4268 595 4345 Reepcraecrium:

186 4367 389 4444 Quodcunque
416 4367 554 4445 ligaveris
574 4372 800 4442 superterram,
822 4367 880 4424 erit
907 4365 1032 4443 ligatum
1054 4363 1140 4422 etin
1161 4363 1259 4438 caelis3
1287 4362 1329 4421 Ee

130 4462 326 4540 quodcunque
340 4464 463 4522 solveris
476 4467 696 4540 superterram,
710 4464 768 4522 erit
782 4462 913 4521 solutum
926 4461 1003 4522 etin
1016 4460 1101 4519 caelia
