3022 4966
143 370 205 436 22⁸
494 369 661 436 Manuale
675 369 722 436 ad
736 390 841 435 usum
854 370 993 436 Sarum.

147 536 178 598 V.
202 537 333 615 Surgens
345 539 435 596 Jesus
456 536 604 594 Dominus
617 543 719 596 noster
731 535 819 595 stetit
832 536 864 594 in
879 535 978 594 medio
998 534 1215 613 discipulorum
1235 552 1364 592 suorum

142 613 239 677 dixit:
261 619 327 676 Pax
340 619 433 690 vobis,
448 618 585 694 alleluya.

149 697 179 759 V.
204 698 343 758 Surrexit
364 698 512 757 Dominus
533 704 565 756 et
585 717 740 756 occurrens
761 697 936 756 mulieribus
956 697 1008 770 eit,
1030 697 1148 755 Arete:
1169 701 1247 754 tuno
1266 713 1365 754 acces·

144 784 249 837 serunt
261 787 292 837 et
306 786 469 838 tenuerunt
482 779 570 856 pedes
583 779 656 855 ejus,
672 778 809 855 alleluya.

150 857 181 919 V.
206 860 245 918 In
258 860 307 918 die
320 859 543 919 resurrectionis
552 879 635 933 meae,
647 859 720 917 dicit
730 859 887 932 Dominus,
899 857 1063 936 praecedam
1077 877 1129 916 vos
1142 857 1177 914 in
1190 855 1363 929 Galilaeum,

145 939 235 999 nllelu
256 961 281 999 a

151 1018 182 1082 V.
206 961 307 1079 Dicite
320 1020 353 1079 in
366 1021 506 1100 gentibus
518 1020 590 1098 quia
603 1020 752 1078 Dominus
766 1019 904 1098 regnavit
916 1039 935 1077 a
947 1020 1037 1098 ligno,
1053 1018 1191 1094 alleluya

151 1098 182 1160 V.
206 1102 343 1161 Christus
362 1121 519 1181 resurgens
532 1121 571 1160 ex
583 1102 710 1159 mortuis
723 1103 786 1178 jam
801 1121 862 1160 non
878 1101 1014 1174 moritur,
1029 1120 1109 1158 mors
1128 1101 1175 1158 illi
1195 1099 1281 1158 ultra
1302 1119 1365 1157 non

146 1181 357 1242 dominabitur.

206 1264 372 1339 Sequentia.

207 1345 300 1402 Alma
313 1345 419 1402 chorus
433 1342 556 1401 Domini
570 1363 650 1401 nunc
663 1351 774 1420 pangat
788 1343 910 1401 nomina
922 1344 1050 1402 summi:

208 1425 341 1496 Messius,
357 1423 473 1496 Sether,
488 1424 642 1496 Emunuel,
660 1424 799 1495 Sabaoth,
814 1424 961 1498 Adonay:

208 1503 265 1562 Est
280 1505 471 1581 Unigenitus,
486 1503 557 1576 Via,
572 1504 657 1575 Vita,
673 1505 793 1576 Manus,
810 1505 1036 1564 Homoousion:

209 1583 405 1661 Principium,
421 1584 651 1660 Primogenitus,
667 1585 828 1662 Sapientia,
842 1585 970 1644 Virtus:

207 1665 318 1741 Alphe,
334 1666 440 1741 Caput,
456 1665 598 1741 Finisque
612 1666 701 1723 simul
714 1667 872 1738 vocitatur,
887 1673 918 1723 et
932 1672 977 1724 est
991 1665 1064 1724 00:

208 1745 289 1803 Fons
302 1754 334 1803 et
348 1745 439 1823 Origo
452 1746 533 1816 boni,
548 1746 714 1804 Paraelitus
727 1766 762 1805 ac
775 1747 945 1805 Mediator:

209 1828 325 1903 Agnus,
341 1827 421 1897 Ovis,
438 1827 571 1900 Vitulus,
588 1827 723 1902 Serpens,
740 1829 837 1899 Aries,
853 1828 924 1898 Leo,
938 1827 1078 1885 Vermis:

209 1906 259 1978 Os,
276 1907 419 1976 Verbum,
435 1907 589 1984 Splendor,
606 1908 665 1978 Sol,
681 1907 790 1975 Gloria,
805 1909 875 1965 Lux
888 1915 919 1966 et
932 1909 1053 1984 Imago:

209 1987 309 2060 Panis,
326 1988 404 2061 Flos,
420 1988 512 2059 Vitis,
528 1988 626 2060 Mens,
640 1988 750 2061 Janua,
766 1989 858 2046 Petra
872 1989 1037 2066 Lupisque:

209 2069 345 2145 Angelus
358 2074 388 2126 et
402 2068 542 2145 Sponsus,
557 2069 731 2146 Pastorque,
747 2069 906 2145 Propheta,
923 2069 1081 2127 Sacerdos:

209 2149 388 2220 Athanutos,
405 2150 526 2226 Kyrios,
541 2150 635 2207 Thoos
650 2156 763 2225 panton
777 2157 889 2220 craton,
904 2158 935 2208 et
949 2151 1047 2208 Ysus:

210 2230 361 2288 Salvificet
374 2250 446 2288 nos:
468 2231 514 2288 Sit
528 2230 575 2288 cui
589 2230 675 2287 saecla
688 2251 741 2306 per
754 2231 853 2287 omniu
867 2231 953 2288 doxa.

209 2310 378 2370 Secundum
392 2311 567 2369 Marciaco
580 2311 657 2386 (xia.
674 2311 748 2388 2-6).
1038 2374 1040 2377 ,

210 2391 250 2449 In
264 2392 316 2449 illo
335 2398 476 2468 tempore,
492 2392 691 2450 Accesserant
711 2392 749 2449 ad
768 2392 791 2450 J
792 2410 873 2449 esum
896 2392 1004 2449 Scriba
1018 2398 1049 2449 et
1063 2390 1199 2448 Pharisei
1215 2411 1312 2468 arsque
1326 2395 1369 2450 ud

150 2471 238 2541 Quod
251 2492 320 2549 ergo
335 2473 418 2530 Deus
431 2473 597 2548 conjunxit,
611 2473 699 2530 homo
713 2493 774 2531 non
788 2479 909 2549 separet

211 2552 307 2610 Credo
321 2555 351 2610 in
367 2573 461 2610 unum
476 2553 581 2613 Deum.

211 2632 407 2706 Offirtorium.
451 2635 631 2691 Benedictus
645 2635 684 2690 sit
700 2635 792 2703 Deus,
807 2644 832 2691 et
847 2643 938 2693 cetera
953 2643 985 2689 ut
1000 2654 1101 2709 supra,
1117 2654 1144 2708 p.
1163 2634 1209 2690 31.

213 2714 350 2789 Terrprore
365 2714 509 2771 Pascladi.
558 2715 707 2790 Alleluyu.

212 2793 246 2848 N
245 2804 293 2851 ota
307 2795 386 2868 quod
404 2796 474 2851 ordo
489 2794 585 2851 tlucris
599 2796 737 2852 bereedicti
751 2816 906 2870 tricisquaoe
920 2798 1012 2853 dutar
1026 2796 1058 2852 iu
1072 2794 1202 2852 Ecclesia
1216 2815 1326 2870 eporzso
1342 2808 1370 2855 et

150 2893 267 2949 spoiaa.
311 2874 386 2930 [recle
401 2885 439 2931 cet
455 2876 533 2948 quod
555 2875 648 2932 oblato
666 2877 749 2933 theare
771 2877 913 2934 boeedicto
933 2897 1021 2952 eripior
1041 2877 1142 2946 altore,
1157 2876 1184 2932 ei
1206 2878 1369 2935 descendat

152 2953 368 3011 thuribularios
392 2956 433 3010 ad
453 2955 567 3012 clericos
589 2956 634 3013 uel
655 2958 695 3012 ad
718 2957 816 3029 laicos,
839 2958 925 3014 atiud
945 2958 1012 3014 tlara
1034 2966 1073 3015 eet
1101 2959 1313 3032 opperiendum
1339 2969 1367 3014 et

151 3034 522 3108 lautioribus·offerendum.

213 3115 366 3173 Secretura.
411 3116 576 3186 Sanctifico,
592 3136 769 3192 quaesumus,
784 3129 809 3175 et
824 3128 915 3175 cetera
929 3128 962 3175 ut
976 3139 1077 3194 supra,
1092 3139 1119 3194 p.
1137 3118 1183 3175 31.

213 3195 308 3252 Aliud
322 3196 476 3253 Secreturu.
519 3198 643 3266 Adesto,
659 3199 797 3271 Domine,
813 3209 838 3257 et
853 3210 943 3257 cetera
957 3209 991 3257 ut
1004 3221 1104 3275 supra,
1120 3199 1235 3256 *ibideoa

215 3277 364 3350 Profectio.
410 3279 551 3346 Quicum
567 3278 740 3355 Unigenito

214 3360 284 3416 Post
299 3359 424 3416 Sanctus
434 3368 621 3435 prosternant
635 3381 663 3417 se
679 3379 803 3435 speruus
816 3369 841 3416 et
856 3381 961 3435 sponsa
976 3362 1009 3418 iu
1025 3361 1163 3418 Oratione
1176 3360 1219 3415 ad
1230 3363 1367 3434 pradum

152 3438 265 3510 aitaris,
281 3449 392 3497 octenae
403 3462 489 3516 suuper
503 3462 548 3498 eos
558 3440 660 3516 pollio,
673 3442 751 3516 quod
766 3450 880 3498 teneaat
895 3451 1035 3516 qriuttuor
1048 3441 1144 3511 clerici
1152 3461 1208 3516 per
1219 3452 1367 3517 quattuor

153 3541 273 3591 correua,
300 3520 334 3577 iu
360 3522 575 3598 siipcrpelliciie,
600 3522 661 3579 taisi
681 3522 754 3578 alter
774 3543 874 3579 eorum
891 3523 981 3597 prius
998 3522 1097 3596 fecerit
1122 3523 1317 3597 desporeeatue
1340 3534 1367 3582 et

154 3602 335 3659 bereedictue:
370 3604 442 3677 quia
470 3612 539 3660 tuac
567 3623 628 3659 uon
656 3602 796 3659 habeatur
818 3604 948 3676 pallium
975 3623 1061 3677 super
1090 3625 1135 3660 eos
1162 3624 1212 3660 uec
1241 3603 1369 3661 dicatur

155 3683 374 3740 eamccrueutalie
395 3684 558 3754 benedictio,
581 3692 615 3739 ut
631 3693 732 3758 postea
748 3684 866 3757 patebit.
914 3684 1027 3741 Deinde
1051 3685 1147 3743 dicto:
1179 3684 1238 3739 Per
1262 3687 1369 3744 omnia

154 3764 260 3820 saecule
280 3762 461 3820 traculorum⁴
505 3765 612 3821 Amen.
656 3765 727 3820 Post
742 3764 833 3821 Peter
851 3771 952 3821 noster
974 3773 1132 3839 autequam
1152 3765 1273 3821 (licetur
1296 3765 1365 3823 Pax

156 3842 279 3899 Domini
302 3845 342 3900 sit
362 3864 476 3919 semper
497 3845 657 3913 vobiscum,
672 3844 762 3917 facta
777 3844 927 3918 fractione
948 3845 1142 3902 Jt'uclarietice
1165 3866 1244 3902 more
1268 3848 1367 3921 solito,

155 3923 331 3997 dimissoque
354 3924 450 3981 hostia
470 3926 503 3981 iu
525 3925 618 3981 tribea
631 3924 832 3998 fractiouibus
852 3947 939 4002 super
955 3934 1105 4001 patenam,
1121 3927 1199 3983 dicct
1219 3926 1370 3987 Sacerdos

154 4024 305 4062 corruereue
328 4005 369 4060 ad
393 4005 458 4061 illos
482 4005 626 4062 orationes
649 4015 795 4079 sequentes
819 4008 871 4063 sub
895 4015 960 4064 toao
982 4007 1129 4065 lectionis:
1157 4006 1217 4063 illie
1239 4007 1365 4067 interim

152 4085 406 4158 peuuttecteatibue
419 4085 471 4142 ezch
481 4086 583 4159 pallio,
600 4085 751 4144 Sacerdote
765 4087 807 4145 eie
820 4088 929 4145 dicente
939 4112 948 4147 :
970 4087 1118 4144 Dominus
1133 4087 1294 4145 vobiscum.

218 4165 351 4222 Oremus

217 4245 393 4319 Propitiam,
409 4245 546 4318 Domine,
561 4255 587 4304 ot
602 4256 691 4305 cetera
706 4255 739 4304 ut
754 4268 853 4324 supra,
869 4268 896 4324 p.
915 4249 962 4306 37.

218 4325 350 4382 Oremus.

217 4405 308 4474 Deus,
323 4407 375 4479 qui
390 4412 535 4481 potestate
551 4407 672 4465 virtutis
685 4416 755 4480 tuce,
770 4417 796 4467 et
809 4417 901 4467 cetera
914 4419 948 4467 ut
961 4430 1062 4486 surpra,
1078 4409 1191 4468 ibidem.

217 4485 392 4544 Notaioium
418 4488 497 4561 quod
523 4486 582 4546 liae
606 4488 747 4562 cuticula,
770 4490 852 4547 Deus
876 4491 928 4567 qui
952 4499 1014 4549 tam
1038 4491 1196 4549 excellenti
1220 4498 1369 4567 mysterio
