3022 4966
487 324 538 393 Io
557 326 681 393 Sancto
701 324 844 392 Suthule
864 325 1011 393 Poeeloe.
1295 332 1356 393 115

319 508 433 569 Omuee
444 508 540 567 teneti
552 508 664 587 Angeli
676 514 708 567 et
719 507 903 585 Archangeli
919 508 987 582 Dei,
1002 515 1084 568 eruto
1096 529 1151 587 pro
1163 510 1255 569 nobie

322 604 436 665 Omnee
449 606 545 665 suncti
557 606 710 666 beatorum
725 605 895 683 spirituum
909 606 1044 680 Ordines,
1059 612 1142 667 crete
1154 627 1208 684 pro
1221 608 1313 665 nobie.

360 702 469 761 Sunete
481 702 503 762 J
503 702 634 761 ohnnnee
647 702 794 781 Baptista,
808 722 861 761 oru
874 722 927 780 pro
940 704 1034 763 nobie.

319 796 431 858 Omnee
443 800 538 859 mneti
551 799 731 859 Petrinnchue
745 806 776 858 et
790 799 955 876 Prophetae,
970 806 1052 858 crete
1065 818 1119 877 pro
1132 801 1224 859 nobie

356 896 465 955 Senete
477 897 576 971 Petro,
589 898 632 970 ii,
646 916 698 957 oro
711 917 765 975 pro
778 897 871 956 nobie.

357 992 464 1051 Sancto
478 992 581 1066 Poulo,
594 1012 646 1051 oro
658 1013 712 1070 pro
725 994 817 1051 nobie.

357 1088 465 1149 Sancte
477 1090 608 1163 Andrm,
624 1110 676 1149 cru
688 1109 742 1167 pro
756 1091 847 1149 nobie.

319 1183 431 1244 Omnes
443 1186 538 1245 cuncti
552 1186 691 1263 Apostoli
705 1194 736 1245 et
749 1187 956 1264 Evangelietae,
973 1194 1055 1246 erute
1068 1208 1122 1264 pro
1135 1189 1227 1247 nobie.

316 1280 427 1340 Omnes
439 1283 535 1341 suncti
548 1282 696 1360 Discipuli
711 1284 843 1356 Domini,
857 1290 939 1341 orele
952 1304 1005 1360 pro
1018 1285 1111 1341 nobie

316 1378 427 1438 Omnes
439 1381 536 1438 cuncti
549 1380 736 1453 Innocentcs,
750 1388 831 1439 orato
844 1401 898 1457 pro
911 1383 1002 1440 nobie

354 1475 462 1535 Sancte
482 1478 640 1555 Stephane,
656 1498 708 1536 ore
721 1498 774 1554 pro
788 1479 880 1537 nobie.

355 1574 463 1635 Sancte
476 1576 562 1650 Line,
576 1595 628 1633 orn
641 1595 695 1653 pro
709 1577 800 1635 nobis.

353 1672 461 1731 Sancte
475 1672 565 1745 Olete,
580 1694 632 1731 oro
645 1693 699 1750 pro
712 1675 805 1731 nobis.

312 1768 424 1829 Omnes
437 1771 533 1828 euncti
548 1770 801 1847 Martyree,on1te
814 1790 868 1848 pro
882 1773 974 1830 nobis„

353 1864 460 1923 Sunete
473 1866 632 1944 Sylvester,
647 1886 699 1924 oro
711 1885 765 1943 pro
778 1867 872 1926 nobis.

352 1962 460 2023 Senete
473 1964 615 2036 Murtine,
630 1984 682 2023 ore.
694 1984 749 2042 pro
762 1966 855 2024 nobie.

350 2060 459 2121 Sancte
473 2062 641 2135 Benetliete,
655 2082 707 2121 ore
720 2082 774 2140 pro
788 2063 881 2122 nobie.

311 2156 423 2217 Omnes
435 2158 532 2217 suncti
545 2158 739 2233 Oonl'eseorce,
755 2166 838 2218 orate
851 2179 905 2237 pro
919 2162 1012 2219 nobie.

311 2252 422 2313 Omnee
434 2256 530 2313 euneti
545 2256 686 2314 Moneehi
699 2263 731 2315 et
744 2257 894 2329 Emitte,
908 2264 990 2315 orote
1003 2260 1161 2336 pronubis.

351 2351 461 2411 Senete
474 2352 573 2410 Murio
587 2352 774 2429 Mugdelcne,
788 2373 841 2411 ore
850 2374 905 2431 pro
918 2355 1011 2417 nobie.

350 2448 458 2509 Sancte
478 2448 627 2525 Felieitne,
642 2471 695 2509 ora
707 2470 761 2528 pro
774 2452 868 2511 nobie.

349 2544 459 2606 Sancto
473 2548 631 2625 Perpetuo,
645 2569 697 2607 ora
709 2569 764 2626 pro
777 2550 869 2608 nobie.

310 2641 422 2703 Omnes
435 2652 544 2703 sancte
558 2645 707 2721 Virgines,
723 2652 805 2704 erute
815 2665 869 2723 pro
882 2647 974 2706 nobie

310 2736 422 2799 Omnes
435 2740 547 2813 Sancti,
564 2747 645 2800 orate
658 2760 713 2815 pro
726 2742 820 2800 nobie.

346 3033 444 3111 Kyrie
456 3035 583 3111 eleyson.

346 3130 464 3189 Ohriete
477 3132 602 3207 eleyson

345 3226 463 3286 Christe
476 3228 547 3284 uudi
560 3248 620 3286 nou

345 3324 456 3384 Sancto
469 3325 528 3383 Dei
542 3326 696 3400 Genetrix,
712 3345 765 3386 ore
777 3347 831 3405 pro
844 3327 937 3387 nobie.

343 3423 451 3483 Sancte
464 3423 594 3498 Gabriel,
609 3445 661 3483 orn
674 3445 728 3503 pro
742 3427 834 3484 nobis.

303 3518 415 3579 Omnes
428 3521 523 3579 saneti
537 3522 648 3599 Angeli
661 3529 692 3581 et
705 3521 897 3598 Archangeli,
910 3528 992 3579 erute
1001 3541 1055 3599 pro
1068 3522 1160 3580 nobie.

301 3616 413 3676 Omnes
425 3618 520 3676 suncti
534 3618 713 3678 Petrinrehu
727 3625 758 3677 et
771 3617 937 3693 Prophetae,
951 3624 1033 3676 orate
1046 3638 1100 3694 pro
1109 3619 1200 3675 nobie

260 3748 263 3753 ·
341 3714 450 3775 Sancte
463 3716 485 3774 J
486 3717 583 3788 ueobe,
599 3736 649 3775 ora
663 3738 716 3794 pro
730 3716 821 3774 nobis.

341 3810 450 3871 Sancte
462 3814 484 3870 J
486 3833 606 3887 oannes,
620 3832 671 3871 ora
684 3833 737 3889 pro
752 3814 844 3871 nobis.

268 3978 274 3987 ¹
341 3908 448 3967 Sancte
462 3908 610 3986 Philippo,
624 3927 676 3967 cru
688 3928 741 3985 pro
754 3909 847 3967 nobie.

299 4004 410 4063 Omnes
423 4007 518 4065 sancti
532 4005 671 4081 Apostoli
685 4013 715 4062 ot
730 4005 937 4082 Evangelistoe,
951 4014 1032 4066 orate
1045 4026 1099 4084 pro
1111 4008 1204 4067 nobie

340 4099 448 4160 Sancte
462 4102 607 4176 Clemens,
621 4120 673 4159 oru
686 4120 739 4178 pro
753 4101 845 4160 nobie

339 4196 446 4255 Sancto
460 4198 554 4271 Sixto,
568 4218 620 4256 ore
633 4217 686 4274 pro
700 4198 792 4255 nobis.

337 4292 446 4352 Sancto
460 4294 612 4367 Laurenti,
628 4314 679 4352 ora
692 4313 746 4371 pro
760 4295 852 4353 nobie.

296 4388 407 4448 Omnce
421 4391 515 4449 suncti
530 4390 688 4466 Martyres,
703 4397 785 4449 orote
798 4411 852 4468 pro
866 4392 959 4451 nobie.
1055 4420 1057 4424 ·
