3022 4966
466 326 632 393 Martuole
647 327 694 393 ced
708 320 812 394 osum
826 329 961 395 Sarum.
1255 330 1316 393 85·

178 488 236 547 Ilia
257 490 344 550 dict-is
364 492 484 550 dicotur
504 493 646 552 Peclmna
666 494 818 567 Miserere,
841 515 908 554 cnm
928 494 1109 571 Arctiplrocto
1169 492 1316 570 Requiem

116 575 268 628 aeternam.

177 649 245 719 Qeo
258 652 347 723 dieto,
361 653 442 711 dicut
455 653 595 713 Sacerdos
608 655 641 712 in
655 656 765 713 audito
778 656 918 714 omniunt

176 729 268 788 Pater
288 740 405 790 noster:
429 752 483 810 pro
505 735 604 793 anime
626 736 688 811 ejus
702 735 740 794 N.
757 741 788 793 et
808 756 862 812 pro
881 736 1037 794 animabus
1057 755 1184 812 quorum
1204 754 1269 793 ossa
1281 734 1315 792 in

113 809 168 946 3οὲ
179 813 342 870 caemeterio
353 812 401 870 vel
413 814 446 870 in
459 813 526 872 aliis
539 816 735 892 requiescunt,
755 824 786 873 et
799 835 853 893 pro
866 817 1021 874 animabus
1034 817 1168 874 omnium
1182 815 1314 874 fidelium

134 898 327 950 cunctorum.

175 972 287 1030 Deinde
300 973 379 1031 dicct
392 973 548 1033 Sacerdos:

175 1052 216 1109 Et
229 1072 267 1110 ne
280 1073 352 1113 nos:
375 1055 432 1112 Sed
445 1055 545 1114 libera.

175 1135 207 1189 A
221 1140 306 1208 porta
321 1134 426 1193 inferi:

215 1213 304 1286 Erue,
321 1216 458 1287 Domine,
473 1217 586 1274 aninras
599 1236 708 1277 eorum.

175 1292 207 1349 N
207 1313 222 1351 e
236 1296 343 1366 tradas,
359 1296 496 1369 Domine,
511 1297 612 1355 hestiis
625 1298 738 1355 animas
752 1298 925 1356 confitentes
939 1298 1013 1356 tibi:

214 1374 255 1430 Et
268 1376 381 1433 animas
394 1397 558 1453 pauperum
571 1385 691 1435 tuorum
704 1398 743 1436 ne
756 1379 938 1437 obliviscaris
952 1380 984 1436 in
999 1378 1095 1436 finem.

174 1453 321 1514 Dominus
334 1458 493 1516 vobiscum.
537 1459 669 1518 Oremus.

175 1534 283 1594 Oratio.
326 1537 417 1609 Deus,
445 1539 529 1615 cujus
557 1539 745 1597 miseratione
771 1539 877 1598 animae
904 1540 1037 1598 fidelium
1064 1539 1262 1615 requiescunt,
1286 1542 1313 1597 tt

112 1622 204 1671 cete-ro
216 1625 250 1673 ed
263 1637 365 1693 snpra,
378 1637 406 1694 p,
426 1619 491 1676 102.

171 1696 275 1754 Postea
294 1708 450 1756 reverentes
470 1699 566 1758 elerici
586 1699 620 1757 dc
634 1699 755 1770 trunceto,
775 1700 877 1758 dicam
897 1709 1001 1776 reptem
1022 1699 1156 1758 Psolmos
1171 1697 1313 1775 poercc’ten-

110 1774 201 1845 tr'cdcr,
217 1778 261 1835 oet
273 1779 426 1836 Peolrnnm
441 1779 487 1837 Dc
501 1779 663 1856 profundus,
678 1801 744 1837 eccm
757 1779 929 1856 Anticthones
943 1781 1089 1856 Requiem
1104 1787 1252 1839 aetemam.

171 1857 207 1914 Se
227 1866 337 1915 natur:
747 1875 750 1880 ·

172 1878 268 2011 Κξτίθ
282 1938 408 2014 eleyson.
452 1937 570 1996 Christe
583 1938 709 2012 eleyson.
751 1938 848 2014 Kyrie
863 1938 988 2014 eleyson.

172 2016 263 2073 Pater
275 2024 383 2074 noster.
424 2018 465 2075 Et
479 2036 517 2075 ne
532 2037 602 2076 nos:
624 2018 681 2075 Sed
696 2018 796 2075 libera.

172 2097 202 2152 A
217 2103 305 2171 porta
318 2097 423 2154 inferi:

213 2176 302 2246 Erue,
317 2177 455 2249 Domine,
471 2177 585 2234 animes
598 2196 708 2234 eorum.

172 2254 285 2312 Anima
299 2257 362 2332 ejus
376 2257 409 2313 in
422 2257 509 2315 bonis
522 2256 705 2315 demoretur:

212 2336 252 2392 Et
266 2355 364 2394 semen
378 2337 442 2413 ejus
455 2337 611 2395 hereditat
624 2342 742 2397 terram

171 2415 266 2473 Credo
280 2417 380 2475 videre
395 2419 472 2475 hona
483 2417 626 2475 Domini:

211 2497 249 2553 In
267 2503 343 2554 terra
356 2497 531 2556 viventium.

169 2576 201 2633 N
203 2597 241 2634 on
255 2577 349 2635 intres
362 2580 395 2635 in
405 2577 552 2654 judicium
566 2596 634 2635 eum
647 2597 732 2635 servo
747 2583 809 2648 tuo,
825 2576 963 2635 Domine.

210 2658 288 2727 Quia
301 2678 360 2715 non
370 2658 587 2734 justificabitur
600 2658 632 2715 in
646 2664 803 2735 conspectu
817 2662 870 2716 tuo
885 2657 980 2715 omnis
994 2655 1106 2714 visens.

169 2737 317 2795 Dominus
331 2739 491 2797 vobiscum.

170 2817 303 2876 Oremus.
349 2818 460 2878 Oratio.

168 2899 336 2957 satisfaciat
350 2900 416 2972 tibi,
432 2899 560 2958 Domine
575 2899 657 2957 Deus
673 2905 782 2971 noster,
794 2918 848 2976 pro
860 2898 961 2956 animo
974 2898 1078 2957 famuli
1092 2898 1138 2956 tui
1152 2898 1191 2958 N.
1208 2898 1310 2957 fratris

106 2980 209 3051 nostri,
225 2986 333 3038 saneta
357 2980 416 3038 Dei
438 2979 594 3057 genetricis
617 2999 790 3057 semperque
810 2979 935 3057 virginis
956 2979 1061 3037 Maria
1084 2987 1116 3038 et
1131 2978 1310 3038 sanctissimi

105 3060 232 3134 apostoli
254 3060 300 3118 tui
322 3061 405 3118 Petri
426 3062 617 3137 omniumque
638 3067 809 3119 sanctornm
830 3066 952 3118 tuorum
973 3060 1078 3131 oratio,
1103 3067 1134 3119 et
1155 3060 1309 3137 proesentis

106 3139 226 3198 familiae
239 3146 299 3198 tuae
313 3141 434 3199 humilis
443 3147 474 3199 et
485 3142 593 3199 devota
602 3141 787 3218 supplicatio,
798 3146 834 3198 ut
842 3147 1029 3217 peecatorum
1043 3141 1176 3199 omnium
1190 3141 1309 3199 veniam

106 3238 196 3296 qnam
209 3240 363 3297 precamur
377 3222 519 3294 obtineat,
533 3241 587 3279 nee
607 3241 672 3279 eam
692 3221 816 3298 patiaris
835 3221 960 3279 cruciari
972 3220 1185 3298 gehennalibus
1206 3221 1307 3298 panis,

105 3319 195 3374 quarn
210 3301 281 3358 Filii
294 3302 341 3359 tui
355 3301 478 3360 Domini
493 3301 590 3360 nostri
608 3302 631 3360 J
632 3322 683 3360 esn
700 3300 813 3360 Christi
832 3302 961 3377 pretioso
982 3301 1125 3378 sanguine
1147 3299 1306 3359 redemisti.

107 3379 168 3449 Qui
183 3387 288 3439 tecum.

167 3460 275 3536 Irtfirw
288 3463 420 3521 onmium
433 3462 558 3520 demisso
572 3481 633 3518 voce
648 3459 767 3518 dicotur
779 3458 841 3517 ec:

166 3543 278 3601 Anima
292 3544 365 3619 ejus,
381 3548 413 3600 et
424 3542 530 3600 anima
545 3540 677 3598 omnium
691 3539 823 3596 fidelium
836 3539 1044 3597 defrmctornm
1056 3557 1109 3615 per
1123 3537 1182 3596 Dei
1194 3537 1307 3596 miseri·

103 3621 236 3680 cordiam
249 3624 437 3700 requiescant
450 3622 482 3679 in
496 3639 574 3698 paee.
617 3619 726 3676 Amen.

143 3819 243 3877 Mrsss
263 3837 305 3876 nn
327 3821 449 3878 Sanora
470 3819 576 3876 Canon
595 3817 716 3896 (Sarum
730 3813 843 3887 Missal,
859 3812 1055 3872 Burntisland
1069 3813 1133 3885 Ed,
1147 3834 1175 3891 p.
1190 3813 1270 3892 748).

255 3975 357 4033 ΜιεεΑ
370 3993 412 4032 nn
433 3975 464 4033 S.
479 3975 590 4032 Mnnls
609 3993 663 4050 per
676 3978 773 4031 totum
786 3971 962 4030 Adventum
977 3969 1057 4048 (ibid,
1075 3970 1154 4051 761).

103 4125 206 4183 Mrsss
220 4141 261 4182 ns
279 4124 308 4182 S.
326 4124 438 4181 Mnnrs
451 4139 472 4181 n
486 4123 739 4193 Pnnrrrcsrrosn,
758 4140 848 4196 nsque
869 4120 911 4177 cd
929 4119 1104 4178 Adventum
1122 4119 1205 4199 (ibid,
1223 4120 1304 4200 779).

254 4273 406 4333 Errsrorn
428 4289 464 4330 nr
485 4271 692 4331 Evsnonnrnn
713 4287 755 4327 nc
774 4268 944 4327 annrrnrs
966 4267 1049 4347 (ibid,
1072 4268 1155 4348 736).

388 4419 488 4479 Mrsss
509 4435 550 4477 nn
571 4418 689 4478 Srscro
711 4415 1022 4495 Sr1n1rn(itict743).
