3022 4966
224 298 287 361 114
559 298 609 364 In
629 297 753 366 secoro
774 295 916 364 Sabbuto
935 297 1083 363 Paectoe.
1164 260 1167 266 ἢ
1243 283 1248 291 ’

219 484 326 544 redimi
345 485 512 562 profuisset
555 484 696 544 Osencte
716 485 816 558 Peter,
831 505 921 562 quam
944 486 1020 544 mire
1041 487 1119 545 circe
1141 507 1195 545 nos
1219 493 1280 546 tuae
1304 482 1438 565 pietatis

218 583 360 659 dignatio.
413 583 440 641 Ο
467 583 684 641 inestimabilis
711 583 832 641 dilectio
859 583 1011 642 caritatis:
1046 591 1082 641 nt
1109 603 1231 643 servum
1258 587 1427 659 mdimeres‚

219 677 314 735 filium
327 679 488 738 tradidisti.
530 679 651 738 Ocerte
669 678 867 737 neceesarium
881 679 958 736 Ades
972 685 1125 755 peceatum
1139 686 1170 737 et
1184 687 1330 755 nostrum,
1345 685 1426 759 qnod

220 775 333 834 Christi
346 783 442 836 morte
455 777 586 835 deletum
600 783 653 835 est.
704 777 731 835 Ο
745 776 819 835 felix
833 776 930 854 eulpa,
944 796 1011 852 quae
1026 776 1118 834 telem
1132 798 1166 835 sc
1181 784 1301 837 tentum
1314 784 1425 839 meruit

218 873 326 932 habere
346 874 571 950 redemptorem.
615 874 744 932 Obeate
762 893 834 947 nox,
850 893 915 950 anc
937 874 1000 931 sole
1022 874 1132 932 meruit
1155 875 1230 934 scire
1252 883 1370 954 tem'pns
1393 886 1425 936 et

217 967 330 1040 horem,
352 969 385 1027 in
406 989 467 1046 qna
488 969 625 1027 Christus
646 970 685 1027 ab
706 969 809 1028 inferis
829 969 999 1027 resurrexit
1051 969 1127 1028 Hoec
1147 989 1209 1028 nox
1229 978 1282 1043 est,
1305 973 1343 1030 dc
1363 992 1423 1049 qus

217 1066 437 1142 scriptumest:
458 1067 500 1124 Et
512 1086 574 1124 nox
589 1072 624 1124 ut
637 1067 700 1124 dies
720 1065 959 1124 illuminabitur:
980 1071 1011 1123 et
1025 1066 1097 1124 Nox
1116 1066 1297 1125 illuminatio
1311 1088 1376 1126 mea
1390 1070 1423 1125 in

217 1163 330 1221 deliciis
353 1164 435 1222 meis.
488 1164 590 1240 Hujus
614 1163 707 1240 igitur
728 1162 924 1221 sanctificatio
946 1162 1044 1220 noctis
1068 1162 1152 1239 suget
1176 1166 1297 1236 scelera,
1322 1167 1425 1243 culpas

218 1259 301 1331 lavit,
316 1266 347 1318 ct
361 1261 459 1318 reddit
475 1261 676 1319 innocentiam
697 1259 786 1336 lapsis
806 1265 838 1316 et
858 1258 968 1316 moestis
990 1258 1145 1331 laetitinm3
1166 1260 1251 1337 fuget
1265 1262 1342 1333 odis,
1358 1282 1425 1320 con-

217 1357 347 1416 cordiem
360 1364 455 1434 perat,
470 1363 500 1415 et
514 1364 619 1415 curvet
633 1357 766 1433 imperio.
809 1356 869 1414 IIic
877 1365 972 1432 ponat
989 1356 1141 1414 incensum
1149 1376 1205 1432 per
1218 1377 1337 1416 01000111.
1381 1360 1421 1416 111

216 1454 306 1533 liujus
320 1455 415 1530 igitur
427 1454 522 1512 noctis
536 1455 632 1531 grstia
645 1453 768 1530 suscipe,
785 1459 885 1510 sancte
900 1452 998 1525 Pater,
1015 1453 1128 1511 incensi
1142 1453 1232 1530 hujus
1246 1456 1423 1515 sacrificium

216 1551 428 1628 vespertinum,
441 1553 520 1627 quod
530 1552 587 1610 tibi
597 1551 631 1609 in
638 1551 693 1609 hec
703 1551 779 1609 cerei
790 1549 940 1608 oblatione
950 1549 1086 1608 sollemni
1096 1550 1304 1609 ministrorum
1315 1572 1422 1611 manus

216 1647 255 1706 de
267 1648 406 1725 operibns
419 1668 509 1725 epum
522 1653 707 1706 sacrosancta
721 1647 820 1705 reddit
840 1647 968 1704 ecclesia.
1013 1646 1071 1705 Sed
1087 1648 1152 1724 jem
1172 1648 1316 1706 columnae
1330 1650 1421 1727 hujus

215 1745 363 1822 preconia
378 1746 515 1804 norimus
535 1765 625 1822 quam
645 1745 678 1802 in
698 1744 841 1803 honorem
861 1744 920 1802 Dei
940 1745 1070 1802 rutilans
1083 1744 1162 1821 ignis
1175 1747 1317 1806 accendit
1360 1747 1422 1806 Hic

215 1842 400 1901 accendatur.
444 1843 504 1913 Qui
517 1842 587 1901 licet
600 1842 712 1900 divisim
725 1843 758 1899 in
771 1848 871 1919 partes
884 1842 1016 1899 mutuati
1029 1841 1152 1899 luminis
1166 1842 1346 1901 detrimenta
1359 1864 1421 1902 non

215 1939 309 2011 norit,
324 1938 417 1996 alitur
436 1939 621 2016 liquantibus
637 1938 720 2009 ceris,
735 1956 809 2014 ques
828 1937 861 1994 in
882 1937 1081 1995 substantiam
1095 1937 1230 2013 pretiosae
1244 1936 1334 2012 hujus
1348 1938 1420 1996 lam·

215 2035 300 2112 pedis
313 2043 408 2095 mater
424 2056 494 2114 spes
508 2037 621 2096 eduxit.
665 2036 692 2094 Ο
706 2054 776 2094 vere
790 2036 878 2093 beate
891 2054 962 2108 nox,
978 2054 1044 2110 quse
1058 2033 1236 2111 exspolierit
1249 2034 1420 2111 AEgyptios,

141 2120 144 2124 ¹
214 2132 327 2199 ditavit
339 2134 503 2208 Hebrseos3
518 2153 589 2208 nox,
600 2134 634 2191 in
648 2152 707 2210 qne
721 2131 847 2190 terrenis
860 2130 988 2189 celestia
996 2132 1175 2207 junguntur.
1212 2129 1339 2189 Oramus
1350 2151 1420 2210 ergo

214 2236 253 2303 te,
268 2229 405 2302 Domine,
419 2237 455 2288 ut
475 2249 576 2289 cerens
590 2231 646 2289 iste
659 2230 693 2287 in
706 2228 848 2286 honorem
867 2227 997 2285 nominis
1011 2227 1059 2284 tui
1071 2231 1259 2285 consecratus
1272 2227 1311 2285 sd
1324 2229 1421 2287 noctis

213 2326 265 2404 huj
271 2327 470 2405 us‘celiginem
480 2327 691 2387 destruendam
705 2325 878 2384 indeficiens
891 2329 1069 2402 perseveret,
1081 2330 1172 2400 etque
1181 2323 1215 2381 in
1224 2324 1343 2383 odorem
1354 2345 1420 2384 sua-

214 2423 318 2482 vitatis
332 2431 478 2502 aceeptus,
493 2426 629 2502 supernis
643 2422 842 2481 luminaribus
855 2421 1022 2480 misceatur.
1059 2421 1209 2479 Flamurss
1222 2423 1286 2498 ejus
1300 2423 1420 2482 Lucifer

214 2516 381 2575 matutinus
400 2518 545 2591 inveniet,
564 2519 624 2592 ille,
640 2519 772 2596 inquam,
788 2517 910 2576 Lucifer
929 2518 982 2594 qui
1001 2516 1097 2575 nescit
1117 2536 1253 2576 occasum
1261 2538 1271 2591 3
1295 2519 1347 2578 ille
1367 2522 1420 2597 qui

214 2632 362 2690 regressus
375 2614 414 2671 ab
427 2614 531 2672 inferis
551 2613 682 2674 hnmano
699 2615 800 2693 generi
817 2634 938 2673 serenus
957 2614 1068 2672 illuxit.
1112 2615 1274 2673 Prcoemur
1293 2637 1363 2693 ergo
1377 2625 1416 2689 te,

215 2710 352 2780 Domine,
368 2717 403 2767 111
417 2730 470 2768 nos
484 2711 610 2768 famulos
628 2719 704 2783 tuos,
721 2731 838 2769 omnem
857 2712 968 2769 clerum
982 2716 1013 2769 et
1027 2710 1250 2768 devotissimum
1266 2714 1418 2789 populum,

213 2825 274 2864 une
288 2828 354 2865 oum
370 2813 455 2884 petre
468 2814 569 2866 nostro
583 2828 659 2886 pepe
673 2809 712 2867 N.
729 2815 759 2866 et
773 2828 841 2885 rege
854 2814 956 2866 nostro
969 2807 1010 2865 N.
1027 2826 1142 2865 necnon
1156 2813 1186 2865 et
1200 2809 1418 2887 archiepiscopo

213 2911 315 2963 nostro
329 2904 380 2977 N„
396 2906 496 2982 quiete
513 2911 680 2982 temporum
701 2925 846 2976 concessa,
860 2905 894 2962 in
907 2905 954 2962 his
974 2904 1160 2980 paschalibus
1172 2904 1288 2981 gaudiis
1301 2924 1417 2962 conser-

214 3019 284 3058 vsre
298 3000 439 3078 digneris.

276 3097 334 3156 Per
356 3097 520 3155 Dominum
540 3104 675 3156 nostrum
693 3099 715 3157 J
717 3118 798 3157 esum
821 3098 973 3156 Christum
993 3097 1106 3155 Filium
1124 3103 1220 3168 tuum,
1237 3099 1297 3167 Qui
1317 3105 1417 3158 tecum

215 3195 292 3252 vivit
315 3203 345 3254 et
369 3203 473 3274 regnat
499 3197 533 3254 in
560 3197 676 3257 unitate
704 3197 835 3275 Spiritus
862 3196 965 3255 Sancti
992 3198 1084 3271 Deus,
1106 3195 1165 3254 Per
1186 3197 1286 3256 omnia
1309 3201 1417 3258 saecule

214 3293 397 3352 soeculorum
440 3294 550 3354 Amen.

277 3392 381 3452 Postea
400 3400 506 3469 septem
522 3393 612 3470 pueri
629 3393 663 3452 ic
683 3392 904 3471 Supeopelliceis
916 3391 962 3452 cel
973 3392 1008 3450 in
1021 3393 1153 3453 1111111
1166 3392 1250 3453 choro
1263 3394 1418 3454 Minnioni

215 3487 291 3548 leone
305 3498 429 3562 cantent,
445 3490 530 3550 edero
543 3490 714 3550 alternatim
726 3491 916 3568 respondente
931 3490 972 3549 eis
981 3514 991 3549 :

419 3586 517 3664 Kyrie
531 3587 659 3663 eleyson.

420 3684 539 3743 Christe
553 3684 680 3760 eleyson.

421 3781 539 3839 Christe
553 3780 625 3839 audi
636 3800 699 3839 nos.

421 3876 512 3935 Pater
525 3878 561 3935 de
574 3878 653 3935 caelis
667 3878 759 3948 Dens,
777 3877 916 3935 miserere
929 3874 1023 3932 nobis.

420 3971 489 4046 Fili,
505 3973 689 4049 Redemptor
701 3973 806 4029 mundi
821 3972 913 4041 Deus,
927 3969 1066 4054 miserere
1079 3966 1172 4024 nobis.

421 4068 550 4144 Spiritus
564 4069 672 4127 Sancte
686 4069 777 4143 Deus,
793 4070 930 4126 miserere
943 4064 1036 4124 nobis

421 4163 530 4222 Sancte
542 4164 682 4237 Trinites,
698 4184 775 4222 unus
789 4164 882 4234 Deus,
895 4161 1032 4219 miserere
1045 4158 1138 4218 nobis

420 4260 529 4318 Sancta
542 4261 649 4332 Meris,
664 4280 716 4318 ore
728 4280 783 4337 pro
795 4259 888 4317 nohis.
985 4278 991 4285 ·

420 4358 527 4418 Sancte
541 4359 681 4433 Micheel‚
697 4379 748 4418 ora
761 4378 815 4436 pro
829 4358 921 4416 nobis.
