3022 4966
148 352 190 413 88
521 344 696 433 exequie
716 343 967 431 Defunetoouue
1032 433 1035 437 ‚

206 532 259 590 Ad
285 530 448 610 alligandos
475 549 556 607 roges
583 548 684 588 eorum
710 529 745 586 in
770 527 968 606 compedibus,
990 532 1023 584 et
1044 524 1158 586 nobiles
1185 545 1288 585 eorum
1312 527 1347 586 in

146 629 270 687 manicis
283 628 393 687 ferreis

209 726 256 785 Ut
278 725 389 784 facient
411 725 444 783 in
468 724 511 783 eis
527 722 675 801 judicium
698 723 916 799 conscriptum:
942 719 1037 799 glorie
1056 719 1119 779 bec
1140 727 1186 779 est
1207 721 1347 779 omnibus

147 822 264 882 Sanctis
276 823 349 899 ejus

206 928 365 1006 (Psalmus
378 928 434 1006 cl.)
850 988 854 992 ,

207 1025 341 1083 Loudate
361 1024 524 1083 Dominum
544 1023 577 1081 in
598 1023 708 1082 sanctis
721 1023 801 1099 ejus:
823 1020 941 1080 luudete
955 1040 1023 1079 eum
1037 1020 1070 1078 in
1087 1020 1274 1078 finnemento
1289 1020 1349 1077 vir.

146 1121 222 1181 tutis
235 1123 306 1199 ejus.

206 1221 340 1280 Ieudete
366 1241 434 1279 eum
460 1221 495 1278 in
521 1221 685 1280 virtutibus
711 1221 792 1297 ejus:
823 1219 943 1278 laudate
965 1239 1035 1277 eum
1056 1219 1218 1277 secundum
1245 1217 1349 1276 multi-

146 1321 281 1378 tudinem
295 1319 508 1396 magnitudinis
521 1319 593 1395 ejus.
914 1375 920 1383 ,

207 1415 340 1473 Ioudute
354 1434 423 1473 eum
434 1415 553 1473 insono
566 1415 665 1487 tubae;
685 1413 803 1471 leudnte
816 1433 885 1471 eum
898 1413 931 1471 in
944 1412 1083 1490 psalterio
1096 1417 1127 1470 et
1140 1410 1262 1469 cithare

207 1507 341 1566 qudste
354 1526 423 1564 eum
435 1505 469 1564 in
481 1512 624 1582 tympano
638 1512 669 1564 et
682 1505 787 1563 choro:
807 1506 928 1564 laudate
937 1525 1006 1564 eum
1015 1507 1048 1563 in
1058 1504 1175 1563 chonlis
1184 1511 1215 1563 et
1225 1522 1346 1580 organo.

206 1602 341 1662 Ieudutc
361 1622 428 1661 eum
441 1603 474 1660 in
491 1602 634 1678 cymbalis
653 1603 921 1663 benesonantibus:
941 1602 1060 1661 laudate
1074 1621 1142 1660 enm
1156 1601 1190 1658 in
1203 1600 1348 1677 cymbalis

140 1700 348 1779 jubilationis:
370 1700 467 1758 omnis
479 1700 601 1777 spiritns
614 1699 716 1759 laudet
730 1699 902 1758 Dominum.

207 1798 354 1875 Requiem
367 1795 516 1855 oeternum.

205 1951 385 2026 soemo.

143 2058 1003 2208 Q

193 2225 326 2284 Om-nis
352 2224 465 2301 spi-ri
482 2258 493 2269 -
510 2230 561 2280 tus
586 2192 719 2281 lou-det
745 2222 962 2281 Domi-num.

151 2354 181 2414 V.
205 2354 238 2413 A
251 2360 336 2430 ports
350 2352 437 2411 inferi
446 2373 455 2425 ;

145 2449 183 2509 Β.
205 2450 294 2523 Erue,
309 2450 447 2522 Domine,
461 2449 575 2508 suimus
589 2470 697 2510 eorum.

205 2608 384 2687 Antiphone.

849 2999 1287 3069 'n-v-o-v-A-E.

208 3138 347 3197 Psalmus
360 3141 377 3218 (
379 3140 537 3200 Canticum
551 3139 832 3199 Zachariae-Luooe
844 3142 863 3199 i.
868 3142 885 3218 )

209 3235 388 3295 Benedictus
411 3237 559 3296 Dominus
583 3239 665 3296 Deus
687 3238 800 3312 Isnse13
826 3239 897 3315 quia
918 3236 1060 3310 visitavit,
1074 3245 1105 3296 et
1124 3237 1195 3296 fecit
1215 3239 1346 3316 rodomo

149 3331 258 3391 tionem
272 3333 367 3410 plebis
380 3354 448 3393 sune.

207 3430 249 3488 Et
262 3432 358 3489 erexit
370 3452 462 3490 cornu
476 3430 580 3490 solutis
593 3430 686 3504 nobis,
701 3431 734 3487 in
748 3431 835 3489 domo
848 3431 949 3488 David
962 3431 1047 3507 pueri
1060 3430 1115 3488 sui

207 3527 290 3586 Sicut
304 3529 420 3588 locutus
440 3535 485 3587 est
504 3548 558 3605 per
571 3548 603 3586 os
618 3528 801 3601 Sanctorum,
817 3528 871 3605 qui
884 3548 902 3586 o
915 3527 1019 3586 saeculo
1033 3533 1113 3600 sunt,
1128 3526 1345 3605 Prophetomm

101 3644 104 3651 ·
147 3623 217 3698 ejus.

206 3721 337 3780 Salutem
352 3743 390 3780 ex
404 3722 532 3780 inimicis
545 3721 664 3794 nostris,
679 3729 709 3779 et
723 3718 760 3778 de
773 3741 864 3780 menn
877 3721 1020 3794 omnium,
1035 3721 1087 3799 qui
1100 3721 1228 3780 oderunt
1242 3742 1305 3781 nos.

205 3817 257 3875 Ad
280 3819 448 3877 faciendum
471 3819 701 3877 misericordium
725 3838 793 3876 oum
818 3820 952 3896 patribus
975 3819 1101 3876 nostris:
1130 3824 1161 3875 et
1189 3819 1347 3877 memorari

145 3915 317 3972 testamenti
331 3915 378 3971 sui
392 3915 494 3972 namneti.

205 4009 228 4068 J
229 4009 433 4085 usjurendum,
449 4010 528 4087 quod
543 4011 660 4088 juravit
672 4011 710 4069 cd
724 4011 878 4070 Abrohom
899 4018 1014 4088 petrem
1029 4017 1185 4070 nostrum:
1206 4011 1349 4070 daturum

146 4123 177 4162 se
190 4105 283 4162 nobis

206 4202 254 4261 Ut
267 4202 330 4260 sine
350 4203 457 4263 timore
476 4204 514 4263 de
534 4223 624 4263 manu
644 4205 832 4265 inimicorum
851 4212 1021 4265 nostrorum
1040 4205 1168 4280 liberati,
1184 4207 1348 4266 serviamus

146 4297 199 4357 illi.

205 4395 242 4452 In
256 4395 415 4455 sanctitate
428 4403 459 4456 et
468 4398 590 4475 justitie
602 4418 699 4458 eorem
713 4392 785 4477 ipso,
799 4400 937 4460 omnibus
949 4400 1055 4460 diebus
1068 4400 1186 4462 nostris.
