3022 4966
171 344 235 406 152
643 338 746 404 Faria
762 337 900 422 Quieta.

234 505 343 566 Oratio.

230 598 425 674 Omnipotens
451 596 628 674 sempiterne
655 595 746 668 Deus,
770 597 823 673 qui
850 597 980 656 humano
1006 598 1108 676 generi
1130 601 1169 659 ad
1195 599 1373 659 imitandum

168 693 348 753 humilitatis
368 693 538 770 exemplum
561 692 737 752 salvatorem
761 699 896 753 nostrum
922 715 1041 758 carnem
1067 716 1182 754 sumere
1206 704 1237 756 et
1258 717 1372 756 crucem

168 790 267 848 subire
284 790 380 849 fecisti
389 809 398 863 3
418 789 544 848 concede
563 789 711 867 propitius
731 798 767 849 ut
787 791 939 867 patientioe
958 791 1052 869 ipsius
1070 792 1178 853 habere
1195 795 1372 853 documenta

167 891 198 944 et
211 886 432 945 resurrectionis
445 885 593 945 consortia
606 906 778 947 mereamur.
822 886 881 945 Per
894 887 1028 946 eundem.

643 1064 743 1124 Fama
764 1065 896 1135 Qnmrr.

226 1195 297 1257 Post
310 1195 431 1254 Nonam
434 1195 520 1270 sacto
534 1196 683 1268 amatote,
698 1196 799 1254 statim
811 1194 951 1256 Sacerdce
960 1197 995 1255 ia
1004 1197 1088 1258 Albis
1102 1219 1169 1258 cum
1183 1200 1330 1259 trinacris
1343 1208 1369 1260 et

165 1291 703 1368 encciseroctcerostrarioeimiliteria
712 1290 963 1363 ditiacomitcate
972 1292 1052 1365 clero,
1062 1295 1104 1352 ad
1112 1295 1232 1353 Altaria
1242 1296 1372 1355 lanatido

160 1391 329 1467 promat,
345 1390 397 1449 aa
405 1399 561 1466 poetaqaa
574 1387 720 1448 benedicta
732 1388 1011 1465 eapaiasaadatar,
1027 1391 1176 1467 laventque
1190 1392 1330 1452 Sacerdos
1344 1403 1371 1452 et

165 1486 427 1546 Diaconasdltare
441 1506 507 1545 cam
519 1485 640 1562 hyssopo
651 1492 678 1544 et
694 1484 799 1543 eaoiaa
816 1485 909 1545 simul
924 1486 1027 1558 meam,
1042 1487 1147 1546 deinde
1168 1489 1272 1546 vinam
1291 1489 1370 1546 eimi-

170 1584 236 1644 liter
248 1584 439 1661 infundatur.

227 1681 311 1741 Dum
323 1683 382 1742 hac
388 1685 481 1759 fimet,
496 1690 605 1742 canant
619 1682 844 1761 Responsa-iam
863 1680 1130 1740 Circumdederunt
1143 1702 1211 1741 cam
1231 1682 1327 1743 Versa.

601 1880 647 1941 De
660 1879 794 1944 taneta
807 1879 932 1939 Saietae.

118 1980 125 1993 ·
227 1962 409 2041 antiphona.

227 2061 315 2120 Beati
328 2059 409 2133 estis,
424 2059 519 2117 sancti
533 2058 590 2117 Dei
604 2076 714 2130 omnes,
729 2057 783 2135 qni
795 2056 944 2116 meruistis
961 2064 1109 2115 consortes
1122 2057 1188 2116 fieri
1207 2058 1368 2117 celestium

167 2158 316 2217 virtutum
339 2163 370 2217 et
392 2156 505 2235 perfrui
526 2154 671 2214 claritatis
696 2154 810 2231 gloria3
833 2153 958 2231 ideoque
981 2172 1143 2230 precamur,
1169 2161 1205 2213 ut
1229 2176 1372 2215 memores

167 2255 263 2314 nostri
276 2253 456 2312 intercedere
469 2250 633 2330 dignemini
646 2269 701 2329 pro
713 2249 799 2308 nobie
812 2249 850 2307 ad
865 2248 1029 2308 Dominum
1043 2248 1142 2307 Deum
1155 2257 1298 2310 nostrum.

173 2352 204 2411 V.
225 2351 453 2431 (aaoadotolie).
476 2348 635 2410 Ioetamini
648 2349 680 2406 in
694 2346 823 2406 Domino
837 2352 868 2405 et
881 2347 1023 2419 exultate,
1033 2346 1118 2424 justi

229 2448 339 2509 Oratio.

176 2555 179 2561 '
227 2544 317 2616 Vide,
346 2544 483 2614 Domine,
512 2543 700 2601 infirmitates
734 2547 850 2600 nostres
884 2545 916 2598 et
950 2540 1204 2600 intercedentibus
1235 2542 1372 2601 omnibus

167 2641 275 2699 sanctis
288 2641 357 2712 tuis,
373 2640 460 2697 celeri
474 2639 559 2697 nobis
572 2640 683 2715 pietate
703 2657 846 2695 succurre.
890 2637 949 2695 Per
963 2637 1115 2696 Christum
1130 2638 1300 2698 Dominum.

490 2838 539 2894 Aa
553 2838 654 2896 liltore
668 2838 754 2896 beata
767 2838 876 2896 Maria
895 2838 1033 2914 Virginis.

178 2938 182 2944 ·
227 2917 407 2992 Antiphone.

226 3017 293 3072 Ave
307 3014 408 3090 regina
421 3013 558 3071 orelorum
569 3033 579 3087 ;
599 3032 653 3070 ave
666 3012 786 3070 domina
799 3013 970 3090 angolorum
983 3034 993 3087 3
1015 3015 1096 3075 selvo
1110 3018 1197 3076 radix
1212 3026 1320 3091 sancta,
1335 3040 1372 3078 ex

166 3122 225 3188 qua
248 3110 358 3168 mundo
382 3110 436 3167 lux
460 3116 506 3168 est
529 3115 612 3182 orta;
632 3109 727 3185 gaude
750 3109 876 3187 gloriosa
899 3130 988 3188 nuper
1011 3132 1112 3172 omnes
1136 3118 1265 3192 specioso
1277 3137 1286 3190 3
1307 3118 1371 3175 vale

165 3210 252 3268 valde
266 3208 378 3282 decora,
395 3215 425 3266 et
438 3227 491 3285 pro
501 3208 588 3266 nobis
601 3226 715 3284 semper
729 3208 881 3266 Christum
894 3228 997 3268 exora.

172 3307 204 3367 V.
224 3305 458 3384 (sacerdotalia).
484 3305 556 3363 Post
569 3312 697 3383 partum

230 3405 340 3465 Oratio.

228 3497 362 3558 Concede
375 3517 430 3556 nos
442 3496 569 3556 famulos
582 3503 659 3570 tuos,
674 3517 850 3574 quaesumus,
862 3497 990 3556 Domine
1004 3499 1096 3570 Deus,
1109 3507 1251 3577 perpetua
1265 3502 1373 3559 mentis

167 3602 198 3654 ct
211 3595 340 3672 corporis
353 3594 449 3652 saluto
461 3594 588 3672 gaudere
602 3598 633 3651 et
645 3593 771 3672 gloriosa
784 3593 876 3651 beata
898 3593 1003 3652 Mariae
1017 3615 1131 3672 semper
1144 3597 1268 3673 virginis
1282 3598 1372 3654 inter·

166 3691 295 3749 cessione
322 3690 501 3766 apraesanti
527 3690 646 3748 liberari
672 3690 797 3747 tristitia
824 3695 855 3747 et
880 3690 983 3748 futura
1006 3691 1119 3768 perimi
1146 3691 1257 3750 laetitia.
1316 3693 1374 3751 Per

168 3787 321 3846 Christum
335 3787 507 3846 Dominum.

637 3914 681 3973 De
694 3935 754 3972 aaa
768 3924 902 3989 martyre.

228 3995 409 4071 Antiphonti.

226 4091 288 4149 Hic
302 4098 346 4147 est
359 4110 428 4148 vere
446 4096 560 4166 martyr
577 4091 629 4167 qui
647 4111 701 4168 pro
724 4092 836 4151 Christi
855 4092 974 4150 nomine
994 4089 1167 4168 sanguinem
1181 4109 1268 4147 suum
1281 4091 1370 4162 fudit,

166 4187 219 4264 qui
231 4186 327 4244 minas
335 4186 472 4260 judicum
485 4205 545 4243 non
559 4187 671 4260 timuit,
685 4206 740 4246 nec
760 4194 884 4245 terrenae
903 4187 1058 4265 dignitatis
1077 4187 1202 4266 gloriam
1221 4190 1369 4265 quaesivit,

166 4282 218 4341 sed
231 4282 269 4339 ed
282 4281 407 4339 caelestia
421 4301 511 4358 regna
523 4282 649 4341 feliciter
661 4284 804 4361 pervenit.

173 4377 201 4438 V.
224 4376 453 4454 (sacedotalis).
477 4377 580 4436 Gloria
593 4384 623 4437 et
637 4379 747 4438 honore
760 4379 907 4438 coronasti
920 4397 996 4452 eum,
1012 4380 1148 4440 Domine.
