2962 4928
536 267 739 334 Inhnmotio
760 268 932 355 Defuncti.
1296 279 1336 341 99

190 452 324 512 Viduam
338 452 364 529 ej
369 470 402 509 us
415 450 591 509 benedicens
606 450 795 509 benedicam:
816 470 958 527 pauperes
972 453 1035 528 ejus
1049 454 1188 511 saturabo
1202 456 1336 530 panibus.

191 548 364 607 Ssuerdotes
388 548 453 625 ejus
475 548 599 605 induam
622 547 760 605 salutari:
787 553 819 605 et
842 549 937 605 sancti
961 549 1025 624 ejus
1049 550 1233 609 exultatione
1256 553 1339 609 uxrrl-

130 646 248 707 tsbuut
348 648 354 657 '

190 740 271 799 Illuo
283 740 445 817 pmduoum
456 760 549 799 cornu
562 739 671 813 David,
686 738 791 816 paravi
804 740 955 799 lucernum
969 742 1088 802 Christo
1102 764 1176 803 meu.

190 838 335 897 Inimicus
362 839 426 915 ejus
453 837 577 895 induem
603 835 792 895 confusione:
827 858 915 914 snper
941 840 1038 917 ipsum
1065 849 1166 899 autem
1194 843 1338 902 efflorebit

130 936 327 995 nuctifieutiu
340 954 414 993 mee.

191 1032 341 1109 Requiem
355 1037 505 1091 oetemem.

192 1135 374 1213 Antiphone.

131 1230 1339 1379 Q

173 1408 251 1469 fleo
283 1409 461 1485 requi-ss
494 1428 597 1467 me-a
643 1410 676 1466 in
727 1410 928 1467 soe-on-lum
956 1411 1116 1469 sae-cu-li:
1142 1412 1190 1469 hic
1216 1411 1318 1469 irs-bi-

133 1597 901 1731 ffl

178 1762 285 1821 ts-bo
315 1761 508 1837 quo-ni-sm
546 1760 700 1837 e·le-gi
747 1780 846 1819 u-sm.

194 1916 294 1993 Kysis
307 1916 432 1991 eleyson.
476 1916 595 1975 Christe
608 1916 734 1993 eleyson.
777 1916 874 1992 Kyrie
888 1916 1016 1994 eleyson.

195 2012 289 2071 Pater
300 2020 407 2071 noster.
452 2013 585 2073 Oremus.

194 2108 288 2181 Deus,
302 2110 382 2187 apud
404 2129 492 2187 quem
517 2117 703 2168 mortuorum
727 2110 848 2187 spiritus
871 2110 985 2181 vivunt,
1001 2114 1032 2165 et
1047 2108 1080 2165 in
1101 2128 1160 2185 qno
1180 2109 1339 2169 electurum

135 2206 250 2280 unimus
263 2206 397 2283 deposito
407 2207 504 2265 uernis
514 2226 602 2265 onere
613 2207 709 2284 plens,
722 2205 863 2264 felicitato
876 2204 1036 2275 letantur,
1057 2212 1164 2280 praesta
1176 2207 1342 2281 supplicem.

135 2304 216 2363 tibus
239 2304 327 2363 nobis
356 2310 392 2362 ut
418 2306 519 2363 enimn
542 2304 647 2362 famuli
669 2305 724 2376 tui,
750 2323 815 2380 quae
840 2301 996 2376 temporali
1016 2320 1070 2376 por
1093 2320 1198 2377 corpus
1218 2303 1341 2362 visionis

133 2400 224 2478 hujus
246 2400 369 2458 luminis
390 2401 487 2459 ualuit
500 2401 576 2472 visu,
591 2410 709 2459 ueterum
723 2402 803 2459 illius
819 2400 894 2457 lucis
908 2398 1013 2456 solatio
1027 2400 1176 2475 potiatur:
1198 2420 1258 2458 non
1272 2422 1341 2459 eum

134 2502 319 2555 tormentum
343 2496 447 2554 mortis
470 2497 608 2572 attinget,
631 2516 691 2553 non
715 2497 799 2555 dolor
819 2496 973 2553 horrendae
993 2496 1117 2553 visionis
1137 2496 1253 2569 afficiet,
1279 2518 1340 2557 non

134 2592 257 2671 penalis
276 2595 368 2652 timor
388 2595 546 2665 exemeiet,
560 2615 622 2652 non
643 2614 760 2653 reorum
782 2600 886 2651 outone
910 2593 1046 2670 proxima
1067 2594 1269 2672 constringut3
1290 2596 1342 2654 sed

135 2708 270 2749 consessu
282 2690 340 2747 sibi
354 2691 486 2748 omnium
500 2690 675 2748 delictorum
686 2692 774 2749 venia
787 2698 897 2768 optatus
908 2691 1018 2767 quietis
1028 2700 1224 2770 consequatur
1233 2693 1341 2770 gaudis

135 2786 319 2865 repromisse.
362 2785 421 2844 Per
435 2786 588 2845 Christum
602 2787 766 2845 Dominum
780 2795 923 2847 nostruin.

195 2881 350 2943 Absolutis
363 2902 450 2959 super
463 2903 567 2959 corpus
581 2883 615 2941 in
627 2883 764 2959 sepulcro.

197 2978 350 3037 Dominus
373 2980 462 3038 Jesus
487 2979 625 3038 Christus
646 2982 698 3056 qui
722 2982 808 3039 bento
833 2981 924 3039 Petro
947 2983 1079 3059 apostolo
1103 2985 1264 3061 ceterisque
1287 2985 1344 3043 dis-

139 3074 244 3153 cipulis
257 3076 320 3133 suis
333 3075 484 3135 licentium
498 3077 582 3135 dedit
602 3077 714 3155 ligandi
734 3086 824 3154 utque
844 3078 1025 3151 sirsolvendi
1041 3080 1103 3155 ipsu
1116 3086 1147 3137 te
1160 3082 1294 3139 absolvat
1306 3082 1344 3139 ub

139 3174 219 3231 omni
239 3173 363 3231 vinculo
384 3174 561 3232 delictorum
570 3195 579 3247 ;
603 3181 634 3232 et
655 3182 800 3252 quantum
821 3194 893 3232 mere
915 3175 1072 3252 fragilitati
1091 3179 1285 3253 permittitur,
1303 3178 1344 3235 sis

140 3267 293 3328 absolutus
315 3276 386 3328 ente
407 3270 540 3329 tribunal
563 3271 687 3329 Domini
708 3272 803 3331 nostri
823 3271 845 3329 J
846 3292 897 3329 esu
920 3271 1040 3343 Christi,
1063 3272 1229 3351 habensque
1249 3275 1343 3330 vitum

140 3370 291 3441 eternum
306 3372 337 3424 et
351 3366 437 3425 vivas
449 3366 483 3424 in
496 3367 603 3425 saeouia
616 3370 796 3427 saeculomm.
841 3370 948 3426 Amen.

199 3460 261 3521 Hie
273 3470 450 3538 asperantur
469 3483 581 3539 corpus,
596 3474 622 3522 et
638 3466 800 3523 incenset-ur
808 3485 820 3533 ;
837 3472 938 3540 posteo
954 3463 1134 3539 prry'iriatur
1155 3472 1233 3523 terra
1251 3483 1344 3540 surpra

142 3576 246 3635 eorpus
258 3558 295 3617 irs
306 3560 428 3619 niodum
440 3562 544 3633 euos,
560 3562 712 3621 Sacerdote
726 3562 855 3620 dicente:

54 3740 58 3745 .
198 3693 381 3770 Antiphone

199 4133 525 4215 mmmm)
892 4095 1279 4157 E·V·⁰·V·A·E·

200 4230 340 4305 Domine,
354 4234 487 4310 probasti
500 4252 555 4307 mo,
572 4239 603 4291 et
616 4231 781 4310 cognovisti
794 4253 860 4293 me:

200 4328 249 4387 Tu
261 4331 426 4409 eognovisti
438 4333 597 4392 sessionem
611 4350 716 4404 meum,
732 4336 763 4390 et
776 4333 1022 4392 resurrectionem
1035 4348 1131 4390 meum
1144 4354 1150 4390 :
