3022 4966
147 328 194 398 72
537 326 712 414 Ecscquice
734 325 959 393 Mortuerum.

205 511 347 570 Paulinus
359 510 476 589 (mic.)

204 608 257 668 Ad
276 616 316 681 te,
339 609 478 682 Domine,
498 607 599 666 levavi
619 608 750 665 unimam
770 625 888 664 meam:
912 605 996 664 Deus
1016 623 1108 675 meus,
1122 603 1156 661 in
1176 610 1208 662 tc
1227 603 1359 676 confido,

145 725 207 764 non
220 707 399 765 erubescam

205 802 312 880 Neque
333 803 479 861 irrideant
497 821 545 861 me
564 800 680 861 inimici
693 801 771 861 mei:
791 801 903 860 etenim
924 799 1057 860 universi
1076 799 1130 877 qui
1149 798 1303 859 siutiuent
1314 806 1358 872 te,

146 918 207 958 non
220 899 451 959 confundentur.

206 996 437 1056 Confundantur
449 1016 551 1056 omnes
565 997 670 1074 iniqua
683 1004 804 1075 agentes
818 1018 1006 1076 supervacue.

205 1093 282 1153 Viae
295 1101 371 1166 tuas,
387 1095 525 1166 Domine,
541 1095 713 1152 demonstra
725 1095 801 1152 mihi
813 1117 820 1154 ι
841 1101 872 1153 et
885 1096 1006 1154 semitas
1019 1101 1087 1152 tuas
1099 1094 1188 1152 edoce
1201 1112 1257 1151 me.

207 1191 313 1269 Dirige
336 1211 384 1251 me
405 1193 438 1250 in
459 1193 587 1252 veritate
610 1199 672 1265 tua,
699 1199 730 1250 et
753 1193 825 1251 doce
847 1212 913 1251 me:
935 1193 1006 1270 quia
1025 1197 1061 1251 tu
1075 1211 1106 1251 es
1126 1190 1209 1250 Deus
1221 1190 1360 1250 salvator

145 1308 238 1363 meus,
253 1295 284 1348 ct
297 1297 328 1348 te
341 1291 472 1349 sustinui
485 1296 550 1349 tota
563 1290 620 1348 die.

206 1387 410 1446 Reminiscere
447 1388 673 1446 miserationum
700 1393 830 1461 tuarum,
861 1389 998 1459 Domino,
1027 1394 1058 1446 et
1084 1386 1358 1446 miscrieonliarum

145 1489 275 1554 tuarum,
290 1502 356 1560 quoe
370 1503 388 1542 a
401 1482 508 1541 saeculo
522 1490 602 1542 sunt.

205 1581 324 1641 Delicta
332 1583 504 1659 juventutis
514 1601 580 1641 mea
593 1588 624 1641 et
637 1581 822 1659 ignorantias
835 1602 915 1641 meas
930 1603 967 1641 ne
981 1582 1170 1647 memineris.¹

206 1679 376 1737 Secundum
394 1679 625 1738 misericordiam
638 1686 722 1737 tuam
743 1685 892 1738 memento
906 1680 966 1738 inei
985 1685 1030 1753 tu,
1044 1685 1166 1757 propter
1186 1678 1359 1738 bonitatem

145 1782 239 1847 tuam,
255 1775 392 1835 Domine.

205 1871 311 1930 Dulcis
324 1879 356 1931 et
374 1878 473 1933 rectus
494 1872 659 1931 Dominus:
680 1881 801 1951 propter
814 1874 870 1932 hoc
890 1873 985 1951 legem
1005 1873 1090 1932 dabit
1109 1871 1360 1950 delinquentibus

144 1968 179 2028 in
192 1969 251 2029 via
490 1959 501 1979 ⁸

203 2066 324 2145 Diriget
337 2071 508 2126 mansuetos
521 2067 554 2124 in
564 2065 698 2143 judicio:
720 2065 838 2124 docebit
851 2067 938 2124 mites
953 2066 1017 2124 vias
1031 2085 1109 2124 suas.

201 2163 361 2225 Universae
381 2165 439 2224 vise
459 2165 585 2225 Domini
609 2164 812 2223 misericordia
832 2171 863 2222 ct
884 2165 995 2222 veritas
1015 2163 1238 2240 requirentibus
1264 2171 1358 2223 testa-

142 2271 278 2323 mentum
292 2265 357 2342 ejus
370 2271 402 2324 et
414 2265 589 2324 testimonie
601 2265 626 2340 ej
631 2283 674 2321 us.

203 2363 331 2439 Propter
350 2382 459 2420 nomen
479 2370 577 2433 tuum,
592 2360 729 2433 Domine,
744 2359 952 2437 propitiaberis
972 2366 1092 2437 peccato
1112 2377 1197 2416 meo:
1223 2361 1357 2418 multum

144 2466 191 2518 est
206 2461 295 2519 enim.

202 2557 277 2628 Quis
291 2562 337 2614 est
356 2557 454 2628 homo,
469 2557 521 2632 qul
542 2556 631 2612 timet
652 2554 836 2612 Dominum?
856 2552 951 2632 legem
969 2553 1079 2611 statuit
1098 2552 1127 2610 ei
1140 2553 1173 2610 in
1186 2551 1246 2625 via,
1262 2573 1357 2630 quam

144 2653 241 2731 elegit.

204 2749 318 2806 Anima
345 2749 409 2823 ejus
442 2748 473 2804 iu
500 2746 586 2804 bonis
617 2747 836 2806 demorabitur:
875 2755 906 2806 et
936 2767 1036 2805 semen
1066 2748 1130 2823 ejus
1161 2745 1355 2805 haereditabit

144 2852 263 2904 terram.
747 2827 753 2837 ’

205 2941 443 2998 Firmamentum
457 2946 502 2996 est
517 2938 665 2997 Dominus
679 2940 855 2998 timentibus
869 2960 954 2998 eum:
976 2948 1007 2999 et
1021 2946 1234 2998 testamentum
1248 2940 1354 3017 ipsius,

145 3044 181 3096 ut
193 3035 401 3094 manifestetur
415 3036 482 3092 illis.

206 3132 294 3191 Oculi
316 3133 374 3190 mei
397 3152 512 3210 semper
531 3133 569 3191 ud
595 3134 780 3191 Dominum:
809 3133 949 3210 quoniam
974 3135 1038 3210 ipse
1059 3134 1166 3193 evellet
1188 3134 1226 3192 de
1246 3134 1353 3211 laqueo

143 3231 232 3310 pedes
246 3249 334 3288 meos.

202 3330 329 3406 Respice
343 3329 375 3387 in
389 3349 446 3402 me,
461 3335 493 3387 et
505 3330 644 3388 miserere
658 3329 735 3386 mei:
757 3330 827 3405 quio
840 3329 955 3402 unicus,
972 3335 1003 3388 et
1016 3349 1129 3407 pauper
1141 3350 1207 3389 sum
1222 3350 1283 3409 ego.

201 3427 421 3487 Tribulationcs
443 3428 539 3486 cordis
560 3427 619 3486 mei
641 3425 847 3503 multiplicatae
868 3433 956 3484 sunt:
977 3427 1015 3485 de
1035 3427 1264 3487 necessitatibus
1278 3431 1353 3488 meis

143 3544 212 3585 erae
226 3546 281 3585 me.

200 3623 282 3681 Vide
303 3622 506 3681 humilitatem
528 3640 635 3692 meam,
658 3626 688 3679 et
712 3619 844 3678 laborem
868 3638 985 3678 meum:
1014 3626 1045 3679 et
1066 3619 1187 3679 dimitte
1209 3623 1351 3682 universa

142 3720 250 3779 delicta
263 3741 336 3780 mea

201 3818 327 3894 Respice
349 3819 485 3877 inimicos
506 3837 595 3891 meos,
618 3817 767 3894 quoniam·
782 3815 975 3893 multiplicati
997 3823 1077 3889 aunt,
1100 3824 1132 3875 et
1154 3817 1223 3876 odio
1245 3819 1351 3897 iniquo

142 3903 270 3972 odeiunt
284 3932 338 3971 me.

203 4009 328 4068 Custodi
340 4011 469 4067 animam
484 4029 590 4082 meam,
601 4016 632 4068 et
645 4030 715 4069 erue
729 4029 793 4069 me:
814 4030 875 4069 non
886 4009 1065 4083 erubescam,
1077 4011 1219 4087 quoniam
1232 4011 1353 4091 speravi

144 4105 178 4164 in
191 4113 229 4164 te.

205 4202 393 4274 Innocentes,
408 4208 439 4259 et
452 4201 526 4258 recti
538 4201 727 4260 adhaeserunt
740 4203 833 4261 mihi:
853 4203 925 4280 quia
939 4203 1071 4261 sustinui
1085 4209 1122 4262 te.

206 4299 323 4369 Libera,
338 4298 428 4370 Deus,
444 4297 546 4371 Israel,
562 4318 600 4358 ex
614 4300 750 4358 omnibus
764 4299 1010 4358 tribulationibus
1023 4300 1092 4360 suis.

207 4395 353 4472 Requiem
367 4400 515 4454 aeternam.
