3022 4966
149 209 214 274 134
539 207 759 275 Dommica't‘.
774 206 961 274 Adventus.

142 377 282 432 nuscetur
303 393 344 434 ex
366 378 398 433 te
423 377 559 434 sonetum
582 373 738 433 vocabitm
761 372 857 431 Filius
880 371 948 432 Dei.
991 371 1082 431 Dixit
1104 379 1206 434 autem
1227 373 1347 433 Mario:

143 467 220 529 Eoos
232 470 340 529 ancille
352 470 493 530 Domini:
514 470 583 528 Fiet
595 469 670 528 mihi
683 469 844 529 secundum
856 469 982 528 verbnm
994 475 1089 529 tuum
1132 471 1280 549 Alleluya.

152 566 182 626 V.
207 567 437 645 (sacerdotalis).
467 566 646 646 Egredietur
659 566 744 644 virga
758 566 795 626 de
808 568 907 626 redico
920 567 1013 628 Josse.

205 662 363 837 32ζῖοᾷΠί
376 760 413 820 de
426 761 520 819 beet-se
540 759 646 818 Mariae
660 760 784 838 v‘nginis
803 767 889 820 utero
902 761 1026 820 verbum
1046 767 1134 820 tuum
1153 763 1258 840 angelo
1272 783 1350 820 nun·

142 1012 221 1071 puer
244 993 375 1070 desereto
401 1015 511 1070 aquom
534 1004 561 1054 ct
583 995 735 1072 acolythus
757 1004 831 1055 stom
850 996 943 1072 justo
966 998 1096 1072 pradum
1121 1005 1190 1056 crete
1217 995 1348 1056 Crucem.

148 1073 254 1134 Omnes
274 1083 373 1133 uuaeru
396 1075 492 1135 clerici
511 1076 644 1136 interesse
662 1086 787 1152 possunt
810 1077 1043 1136 Proconnesus
1071 1076 1160 1137 tetius
1181 1076 1264 1148 anui,
1286 1076 1350 1137 licet

146 1153 226 1214 ntdli
245 1154 323 1213 lucres
336 1154 397 1214 diei
411 1156 601 1232 proeocdcutis
612 1155 807 1232 isderficcrint.
859 1183 871 1207 r

209 1233 352 1294 Omnibus
364 1235 530 1295 Dominicis
538 1255 593 1312 per
613 1244 706 1295 totum
718 1236 884 1295 Adventum
896 1244 964 1296 autc
983 1237 1196 1298 Proocssiortcm
1209 1237 1243 1296 iu
1255 1238 1351 1296 curedo

146 1315 265 1376 dicmur
277 1314 336 1374 lucc
349 1334 467 1391 sequens
480 1315 660 1392 Antiphone,
675 1325 791 1375 cantore
801 1317 955 1392 incipr'cutc
967 1316 1019 1375 loc
1033 1319 1117 1378 uzcdo
1130 1339 1140 1376 :

207 1393 387 1471 Antiphone.
430 1395 542 1453 Missus
554 1401 600 1454 est
613 1394 743 1468 Gabriel,
757 1404 784 1455 ct
796 1405 894 1454 cetero.

209 1474 335 1546 Quando
356 1494 421 1534 uero
428 1476 591 1552 perverterit
612 1475 757 1535 Proccseio
777 1485 845 1534 crete
864 1496 1005 1551 stupeam
1021 1476 1144 1537 Omeccm
1163 1477 1198 1536 iu
1210 1477 1348 1548 Ecclesia,

146 1554 280 1631 uisifim‘
287 1554 557 1626 dcbwtstctiuuon
564 1555 861 1631 dicaturdrdiplsouo
871 1554 1005 1616 musco
1012 1556 1351 1634 susqucadiuccptt'cucm

146 1633 288 1695 thtcriae
302 1635 385 1695 Deus
404 1635 561 1709 omnium3
583 1635 634 1695 scd
644 1635 746 1694 sattius
761 1644 829 1712 post
842 1635 1044 1712 Aretipdtcecm
1064 1645 1156 1695 vertat
1169 1657 1197 1696 sc
1211 1638 1351 1696 Sacerdos

146 1716 189 1774 od
196 1714 351 1791 poputum,
366 1724 392 1775 ct
405 1715 485 1774 discet
498 1715 533 1773 iu
547 1715 651 1791 lirzquc
663 1724 799 1775 neomuto
811 1716 854 1775 sic
865 1739 875 1775 .·

190 1795 334 1859 ,Oremus
347 1815 401 1873 pro
415 1795 546 1854 Ecclesia
565 1795 733 1872 Anglieena
747 1802 778 1856 et
790 1815 844 1873 pro
858 1815 925 1872 rege
948 1803 1049 1855 nostro
1063 1803 1094 1853 et
1115 1796 1350 1873 archiepiscopis,

145 1874 298 1953 episcopis,
313 1881 344 1933 et
356 1875 522 1953 specialiter
537 1894 591 1953 pro
604 1876 738 1954 episcopo
755 1881 858 1935 nostro
870 1876 922 1949 N.,
936 1881 968 1934 et
980 1895 1034 1953 pro
1048 1876 1157 1934 deceno
1175 1877 1224 1933 vol
1237 1884 1351 1934 rectore

146 1954 237 2033 hujus
250 1955 397 2029 Ecclesiae,
412 1956 517 2015 seilicet
530 1957 565 2015 in
577 1956 713 2016 Eccksiis
727 1955 953 2033 parodtielibus,
968 1961 999 2014 et
1011 1975 1065 2033 pro
1077 1961 1158 2014 tens
1171 1963 1281 2027 sancte,
1296 1975 1350 2031 pro

147 2053 219 2114 poce
232 2035 371 2096 Ecclesise
384 2043 416 2095 et
429 2042 524 2110 terroe,
535 2043 566 2095 et
579 2037 680 2115 regina
694 2044 726 2095 et
738 2037 799 2095 suis
812 2036 922 2111 liberis,
934 2044 961 2096 ct
973 2045 1064 2096 ccccm
1076 2056 1155 2095 sucre
1168 2036 1258 2094 solito.

209 2115 323 2178 Deinde
343 2125 435 2177 vertat
444 2137 473 2177 sc
486 2117 626 2177 Sacerdos
635 2126 662 2177 ct
675 2117 754 2177 dicct
764 2118 855 2176 istum
867 2117 1044 2178 Psalmum:
1072 2116 1155 2175 Deus
1168 2116 1350 2186 misereatur,

149 2217 184 2256 eo
196 2205 322 2274 utraque
332 2206 416 2274 parto
437 2196 529 2260 Ultori
549 2217 627 2257 neore
646 2197 729 2258 solito
752 2198 815 2258 siue
832 2207 912 2272 recto,
926 2217 961 2258 cs
974 2205 1062 2274 porto
1082 2196 1174 2257 Ultori
1188 2196 1353 2274 primiprcli

148 2277 320 2353 incipiatur.
362 2277 464 2338 Finito
477 2278 597 2338 Psalmo
611 2299 678 2337 mom
691 2278 795 2337 Gloria
808 2278 894 2336 Petri
907 2287 933 2337 ct
947 2279 1032 2337 Sicut
1045 2284 1117 2352 eret,
1133 2287 1291 2355 sequatur:

210 2358 309 2434 Kysis
322 2359 449 2435 eleyson.
492 2359 609 2419 Christe
623 2359 748 2437 eleyson.
792 2359 889 2436 Kysis
902 2358 1028 2436 eleyson

210 2437 303 2497 Peter
315 2445 422 2498 noster.
490 2513 491 2516 Ἴ
914 2494 917 2502 .

208 2517 322 2577 Deinde
335 2518 415 2579 dicct
428 2518 568 2579 Sacerdos
580 2520 614 2578 iu
627 2520 782 2580 ordume
794 2520 845 2578 scd
857 2519 920 2597 sinc
932 2528 1022 2579 rwtc:

210 2597 252 2654 Et
265 2618 303 2655 ne
316 2618 378 2656 nos.
421 2599 479 2656 Sed
492 2600 593 2658 libero.

210 2677 340 2735 Ostende
354 2677 449 2749 nobis„
464 2677 600 2749 Domine,
615 2677 843 2735 misericordium
858 2683 960 2734 tuam:

251 2755 292 2812 Et
306 2755 434 2812 salutare
448 2761 534 2812 tirum
548 2757 586 2811 de
599 2756 692 2813 nobis.

211 2834 382 2892 Sacerdotes
395 2834 442 2890 tui
455 2834 619 2890 induantur
628 2834 765 2909 justitia:

252 2914 293 2970 Et
306 2913 401 2970 sancti
414 2912 460 2969 tui
474 2913 631 2971 exsultent

210 2992 348 3063 Domine,
363 2992 477 3049 salvum
491 2992 537 3049 fao
551 3011 646 3068 regem
660 3013 666 3049 ε

251 3072 292 3129 Et
305 3072 413 3130 exaudi
426 3091 481 3129 nos
495 3072 526 3128 in
540 3072 588 3130 die
601 3091 661 3148 qua
674 3072 910 3130 invocaverimus
924 3077 961 3129 te.

210 3153 333 3212 Salvum
346 3152 392 3210 fec
406 3171 523 3211 servum
537 3158 643 3211 tuum:

250 3234 333 3292 Deus
346 3253 429 3292 meus
441 3239 609 3310 sperantem
622 3233 655 3290 in
668 3241 709 3291 te.

211 3313 333 3373 Salvum
348 3314 393 3372 feo
407 3313 549 3391 populum
563 3320 670 3373 tuum:

252 3396 293 3453 Et
306 3415 374 3473 rege
388 3414 437 3453 eos
450 3401 481 3454 et
494 3394 604 3454 extolle
618 3414 666 3453 eos
679 3414 772 3472 usque
785 3393 819 3452 in
834 3401 985 3453 estemum.

210 3477 349 3549 Domine,
365 3476 419 3534 fiat
431 3495 491 3553 pex
504 3476 537 3534 in
550 3477 663 3534 virtuto
677 3482 748 3534 tue:

251 3559 293 3616 Et
306 3557 489 3616 abundantis
502 3557 533 3614 in
549 3557 682 3615 turribus
694 3555 763 3615 tuis.

210 3638 349 3710 Domine,
364 3638 472 3696 exaudi
485 3637 650 3696 orationem
664 3657 778 3696 meam:

251 3719 293 3776 Et
306 3719 416 3778 clamor
429 3738 512 3778 mous
524 3718 563 3776 ed
576 3724 607 3777 to
620 3718 729 3777 veniet.

211 3798 359 3857 Dominus
373 3799 532 3858 vobiscum.

211 3878 345 3950 Oramus.
388 3878 499 3938 Oratio.

207 3957 299 4029 Deus,
313 3959 366 4033 qui
379 3959 511 4017 caritatis
524 3957 602 4016 done
615 3976 668 4033 per
677 3958 804 4033 gestium
819 3957 920 4017 Sancti
934 3955 1063 4033 Spiritus
1077 3959 1198 4012 tuorum
1212 3953 1347 4010 cordibus

146 4036 279 4094 fidelium
293 4036 425 4094 infundis
438 4058 446 4109 3
465 4039 504 4096 da
517 4037 636 4096 famulis
649 4043 681 4094 et
693 4036 860 4094 femsdsbus
874 4035 943 4106 tuis,
957 4054 1012 4110 pro
1025 4033 1133 4110 quibus
1153 4039 1236 4089 tuem
1250 4033 1348 4108 depre-

145 4134 248 4173 camur
260 4116 456 4186 clementiam,
468 4117 594 4176 sulutem
607 4116 716 4175 mentis
729 4122 760 4175 et
770 4114 908 4192 corporis,
922 4119 999 4172 utto
1013 4118 1077 4170 toto
1087 4112 1200 4169 virtute
1214 4112 1349 4189 diligant,

146 4199 178 4254 ot
190 4213 256 4271 quse
270 4193 328 4252 tibi
348 4194 457 4270 placito
469 4201 540 4255 sunt
553 4201 618 4255 tote
631 4194 789 4255 dilectione
802 4193 965 4272 perficient,
980 4197 1011 4252 ct
1025 4210 1125 4269 pacem
1139 4197 1222 4250 tuem
1241 4195 1349 4252 nostris

145 4273 269 4334 concedo
282 4273 470 4349 temporibus.
514 4275 573 4335 Por
586 4275 748 4335 Christum.
