3022 4966
271 322 331 386 32·
616 318 844 386 Maaaoicod
857 341 961 386 asam
975 319 1116 387 Soram.

331 484 444 544 Deinde
458 485 558 543 eradat
571 485 598 544 ei
611 484 750 544 Sacerdos
763 486 899 544 bacciam
912 485 1029 545 diceros:

331 566 442 644 Accipe
455 566 534 623 huuc
554 566 692 624 baculum
713 566 820 624 adhoc
840 566 974 625 duellum
987 573 1195 643 properatum,
1216 588 1285 627 cum
1299 588 1360 646 quo
1380 570 1478 627 velens

270 646 328 705 tibi
343 646 537 704 rebellantem
554 652 739 722 prosternere
760 652 792 704 et
808 653 1011 725 resurgentem
1029 655 1190 722 conterere,
1204 649 1375 726 habeasque
1388 651 1477 707 victo

270 727 353 785 riom.
398 726 438 783 In
451 727 571 784 nomine
585 727 693 798 Patris,
709 736 735 785 et
750 736 848 786 cetera.

331 806 445 865 Deirale
469 815 565 865 toruos
593 816 787 883 proprietas-racc
809 817 925 866 scoram
954 817 980 866 et
1008 809 1145 868 Meuium
1169 810 1276 869 ilerum
1301 813 1475 886 qmaflecrot

270 906 369 947 coram
381 887 491 960 ditari,
506 888 616 946 dicente
627 906 715 964 super
729 908 795 946 eam
812 888 984 948 Sacerdote:

331 967 479 1024 Dominus
493 969 684 1026 vobiscumet
699 968 832 1026 Oremus
881 969 992 1027 Oratio.

330 1048 521 1105 Consortetor
533 1056 564 1106 et
577 1049 788 1122 corroborator,
803 1056 829 1107 el
843 1057 934 1108 cetera
946 1058 1096 1127 utsupra,
1110 1070 1138 1127 p.
1155 1050 1220 1110 107.

330 1128 445 1187 Deinde
457 1128 604 1200 Sacerdos,
619 1130 697 1186 dane
709 1130 736 1187 ei
749 1128 980 1203 benedictionem,
994 1131 1073 1190 dicat
1083 1130 1134 1190 boe
1147 1133 1232 1190 orode
1244 1156 1254 1190 .·

331 1207 505 1266 confortare
519 1216 550 1266 et
563 1215 626 1266 esto
642 1210 789 1280 robustus,
803 1219 829 1268 et
844 1219 943 1269 cetero.

331 1287 541 1367 Beneffldicat
557 1295 588 1346 te
605 1289 688 1347 Dens
704 1289 801 1348 Peter.
845 1291 953 1350 Amen.
998 1291 1154 1350 Custodiot
1173 1298 1203 1349 te
1223 1292 1245 1350 J
1246 1311 1315 1350 esus
1330 1292 1475 1351 Christus

270 1369 378 1427 Amen
422 1369 577 1427 confortet
591 1376 621 1428 te
635 1370 764 1447 Spiritus
778 1370 911 1430 Sanctus.
955 1371 1063 1430 Amen.

331 1449 457 1507 Praestet
478 1450 536 1507 tibi
548 1451 703 1508 victoriam
718 1451 815 1508 trinus
829 1458 873 1509 est
891 1471 970 1509 unus
991 1453 1081 1522 Deus,
1095 1452 1147 1528 qui
1161 1452 1238 1509 vivit
1252 1461 1283 1510 et
1303 1461 1413 1530 regnet
1426 1474 1479 1531 per

270 1530 370 1588 omnis
383 1529 488 1587 saecirle
502 1531 684 1588 soeculorum.
727 1531 835 1590 Amen.

330 1609 443 1669 Dcimie
456 1619 590 1686 asperam
602 1611 742 1670 Sacerdos
756 1632 823 1670 eccm
837 1632 917 1689 aqua
930 1612 1085 1686 benedicta,
1096 1620 1121 1671 et
1132 1613 1176 1671 ita
1185 1615 1298 1672 recedat
1312 1615 1347 1672 ia
1361 1616 1478 1672 neruiue

271 1689 405 1750 Domine.
522 1730 526 1738 ·

446 1863 708 1922 BENEDICTIO
731 1863 816 1924 001]
818 1865 973 1925 LORUM
993 1865 1295 1926 INFIRMORUM.

331 2011 496 2069 Benedictio
510 2011 659 2069 oculorum
672 2012 867 2086 infirmorum,
878 2022 971 2088 potest
977 2014 1049 2088 fleri
1063 2015 1097 2071 ia
1106 2013 1186 2071 bunc
1199 2014 1329 2086 rrrodrmr,
1344 2015 1372 2072 si
1385 2035 1478 2073 raeces-

269 2091 342 2151 sitas
355 2093 479 2150 iralacat
492 2100 518 2150 et
531 2092 640 2150 devotio
655 2091 783 2166 aiicujus
797 2092 880 2150 iiiam
893 2094 1033 2169 deposcat.

330 2171 477 2248 Inprimis
498 2175 669 2247 pcaaflectot
689 2172 827 2247 infirmae
847 2193 944 2232 coram
957 2174 1065 2232 Alteri
1107 2175 1221 2234 Deiraic
1234 2176 1315 2234 dicat
1335 2175 1478 2234 Sacerdos

270 2252 418 2312 Dominus
431 2253 582 2310 vobiscum
597 2260 622 2309 et
637 2252 770 2310 Oremue
816 2253 925 2312 Oratio.

331 2333 468 2406 Domine,
482 2333 558 2391 Jesu
578 2332 704 2406 Christe,
719 2333 772 2409 qui
792 2335 936 2410 aperuisti
956 2335 1071 2394 occulos
1089 2337 1157 2394 caeei
1179 2336 1251 2405 noti,
1266 2355 1371 2394 serena
1384 2336 1476 2412 hujus

269 2413 373 2471 famuli
387 2415 433 2471 tui
447 2413 569 2483 occulos,
584 2413 658 2470 dans
672 2414 705 2470 in
719 2413 760 2471 eis
773 2414 871 2471 visum
885 2417 1090 2492 perspicacem,
1105 2417 1310 2487 sufficientem,
1324 2418 1475 2488 idoneum,

270 2500 484 2570 competentem
503 2495 535 2551 in
549 2494 723 2570 obsequium
737 2501 832 2568 tuum,
851 2514 905 2572 per
918 2497 1062 2554 virtutem
1080 2496 1168 2574 hujus
1182 2499 1360 2555 sacrementi
1378 2505 1410 2554 et
1424 2518 1476 2574 per

270 2574 388 2652 signum
402 2580 510 2633 senctae
524 2575 619 2631 crucis
633 2581 700 2632 tuse.
1146 2610 1150 2615 -

330 2655 389 2711 Hic
400 2656 490 2728 sipnct
501 2655 640 2712 Sacerdos
651 2655 746 2712 ocrclos
756 2655 871 2730 iufirmi
882 2657 963 2731 siprco
974 2667 1080 2715 sarrclae
1090 2659 1183 2715 creeris
1192 2678 1256 2715 cura
1267 2658 1473 2733 corporalibus.

271 2744 296 2792 ct
310 2755 375 2792 carri
389 2736 492 2791 eisdem
506 2735 619 2791 veridica
634 2736 667 2790 >irc
681 2736 771 2792 acidis
785 2736 847 2810 ejus
860 2737 980 2794 diceas:

332 2815 369 2868 In
384 2815 502 2870 nomine
517 2815 615 2870 Patris
629 2821 660 2870 ct
675 2816 745 2871 Filii
759 2823 789 2872 et
804 2817 932 2893 Spiritus
947 2818 1056 2875 Sancti.
1100 2820 1208 2875 Anien.

648 3040 908 3098 BENEDICTIO
931 3041 1097 3099 NclVIs*

333 3183 409 3242 Cam
424 3183 570 3240 Dominus
581 3185 731 3241 vobiscum
747 3195 772 3241 ot
786 3206 852 3242 croac
867 3186 999 3242 Oramus.
1045 3184 1154 3242 Oratio.

331 3265 422 3335 Deus,
448 3266 532 3339 cujus
556 3266 742 3341 providentia
772 3267 912 3322 univorsa
939 3272 1083 3341 reguntur
1111 3274 1141 3322 et
1167 3279 1391 3337 conservantur,
1420 3269 1471 3343 qui

270 3346 431 3404 dominaris
451 3347 590 3422 potestati
611 3347 701 3403 maris
725 3353 755 3402 et
773 3347 891 3421 mitigas
908 3353 1022 3402 motum
1046 3347 1190 3402 fluctuum
1213 3349 1297 3422 ejus;
1323 3349 1384 3416 Qui
1407 3349 1471 3405 Noe

270 3428 380 3485 famulo
392 3436 453 3497 tuo,
467 3448 504 3483 no
514 3448 606 3503 genus
616 3428 777 3483 humanum
789 3428 898 3501 periret
909 3428 940 3482 in
951 3426 1064 3483 diluvio
1072 3447 1169 3483 orcam
1182 3428 1276 3484 fircere
1287 3429 1452 3504 precepisti
1464 3449 1471 3497 3

270 3510 322 3584 qui
343 3509 439 3566 ventis
460 3515 490 3565 et
514 3508 736 3584 tempestalibus
757 3507 891 3583 insperso,
919 3513 949 3562 et
970 3507 1130 3577 obediunt3
1165 3509 1217 3583 qui
1239 3508 1363 3565 Petrum
1385 3529 1472 3584 super

269 3608 360 3664 aquas
385 3589 474 3645 muris
512 3589 722 3659 ambulantem,
751 3607 787 3644 nc
822 3595 1012 3663 mergeretur,
1043 3587 1185 3657 erexisti,
1205 3595 1297 3657 tuam,
1333 3590 1469 3649 Domino.

270 3669 456 3726 clementiam
480 3670 589 3725 obnixo
612 3670 738 3745 petimus
766 3675 797 3724 et
823 3668 978 3725 humiliter
1002 3668 1201 3744 imploramus,
1232 3671 1373 3744 quatinus
1395 3671 1469 3725 hane

269 3750 436 3806 naviculam
458 3770 510 3824 per
534 3751 677 3807 virtutem
700 3755 808 3806 senctae
832 3749 926 3806 crucis
948 3756 978 3805 et
1002 3768 1055 3824 per
1077 3749 1315 3806 intercessionem
1338 3750 1469 3824 glorioso

270 3849 384 3905 semper
407 3830 541 3905 Virginis
564 3837 594 3886 ot
617 3831 749 3887 omnium
777 3835 945 3887 sanctorum
974 3836 1095 3885 tuorum
1120 3836 1173 3885 tua
1195 3829 1318 3886 dextera
1342 3831 1471 3905 digneris

270 3907 497 3988 benoffldicero,
513 3930 672 3986 omnesque
693 3910 814 3967 insidias
834 3910 964 3966 hostium
985 3910 1149 3965 visibilium
1170 3917 1200 3965 et
1221 3910 1418 3965 invisibilium
1433 3911 1469 3966 ab

269 4010 302 4046 ee
324 3991 470 4066 repellero,
488 3997 521 4047 ut
543 3992 575 4046 in
593 4011 627 4047 ca
648 3992 702 4048 sub
723 3997 776 4047 tua
797 3991 977 4066 protectione
997 3990 1171 4064 navigantes
1192 3991 1283 4045 nullis
1304 3990 1471 4047 illudantur

268 4071 534 4145 phantasmatibuS,
554 4072 644 4127 nullis
662 4071 840 4146 dejiciantur
857 4071 995 4128 adversis.
1059 4070 1129 4126 Non
1144 4090 1192 4126 eos
1206 4089 1314 4145 vorago
1329 4071 1470 4127 terribilis

270 4151 392 4222 sorbeat,
417 4170 479 4206 non
501 4157 658 4227 tempestas
682 4153 822 4227 impellat,
852 4171 917 4208 non
939 4152 1057 4226 frangat
1084 4152 1229 4226 scopulus,
1258 4171 1319 4207 non
1347 4151 1469 4206 invadat

269 4230 470 4300 adversarius;
492 4231 541 4287 sed
553 4232 697 4288 univorsis
711 4232 844 4308 expediti
865 4233 1027 4289 terroribus
1040 4250 1149 4289 nomen
1169 4238 1255 4287 tuum
1269 4231 1471 4288 collaudantes

624 4422 638 4450 ³
654 4422 726 4480 This
740 4423 816 4482 iorm
829 4424 855 4481 is
868 4432 921 4482 not
935 4425 968 4482 in
982 4425 1033 4483 the
1047 4425 1112 4485 MS.
