3022 4966
479 288 819 378 oruaasasanca
839 288 1031 376 maaca
1317 296 1358 359 ao

213 473 347 533 Oramus.

213 569 410 648 Omnipotens
429 570 608 648 sempiterne
622 569 713 642 Deua,
727 569 780 646 qui
799 569 911 646 primos
930 574 1069 646 parentes
1088 575 1205 629 nostros
1219 570 1317 631 Adam
1331 580 1365 633 et

151 666 249 724 Evam
267 687 321 726 aua
337 667 452 726 virtuto
471 666 584 725 creavit
601 685 713 743 suaque
732 665 936 724 benedictione
953 665 1157 740 sanctificavit,
1177 673 1209 725 et
1227 667 1260 725 in
1273 670 1362 729 socie·

148 768 214 822 tate
237 764 348 823 amoris
369 763 542 842 copulavit3
572 764 636 840 ipse
659 761 748 822 corda
771 768 802 820 et
821 781 945 839 corpora
967 768 1068 822 vestra
1091 761 1303 843 sanctivlelicet
1330 773 1362 825 et

149 860 364 942 benevledicat,
383 869 474 939 atque
492 862 524 920 in
543 862 715 920 societatem
733 866 764 918 et
777 879 908 947 amorem
922 879 999 919 verae
1012 861 1179 922 dilectionis
1191 865 1360 944 conjungat.

151 958 212 1016 Per
226 959 380 1018 Christum
394 959 560 1017 Dominum
571 963 719 1017 nostrum.
761 957 870 1016 Amen.

213 1056 382 1132 Finitisque
405 1056 588 1116 aaronitas
602 1056 762 1133 prodatis,
778 1055 1010 1132 introductisque
1029 1054 1092 1116 illis
1108 1057 1186 1118 inter
1204 1059 1324 1120 mmm
1336 1072 1363 1121 et

149 1153 247 1212 attere
261 1174 295 1212 erc
303 1162 391 1230 porte
404 1153 533 1212 australi
541 1153 685 1226 Ecclesia,
697 1162 724 1212 et
737 1161 849 1212 statuta
862 1152 983 1212 malim
995 1154 1037 1212 ad
1049 1155 1196 1215 <tramam
1208 1157 1277 1231 riri,
1292 1159 1364 1218 inci-

144 1250 257 1328 piatur
270 1250 368 1309 Misso
380 1250 554 1311 sollemniter
567 1251 602 1311 de
618 1249 772 1310 Trinitate.

217 1348 360 1423 Officium.

214 1445 377 1504 Benedicta
390 1446 430 1504 sit
443 1452 547 1505 sancta
561 1445 693 1503 Trinitas
706 1451 798 1521 atque
811 1444 941 1503 indivisa
954 1445 1071 1507 unitas:
1103 1448 1312 1508 confitebimur
1325 1452 1363 1524 ei,

151 1543 224 1620 quia
237 1544 308 1602 iecit
321 1545 476 1604 nobiscum
489 1544 720 1604 misericordiam
734 1562 827 1601 suam.

214 1643 361 1702 Paotmua.
384 1643 601 1702 Benedicamus
615 1641 737 1701 Patrem
750 1647 782 1700 et
795 1640 907 1698 Filium
921 1660 988 1701 cnm
1002 1641 1111 1701 Sancto
1125 1642 1249 1722 Spiritu.

235 1966 420 2024 (llo-ria
460 1967 494 2022 in
533 1964 716 2023 excel-sis
755 1963 802 2020 De
827 1998 838 2007 -
864 1981 890 2020 o.

217 2119 259 2175 Et
275 2118 309 2175 in
329 2125 411 2176 terra
430 2137 491 2194 pax
510 2117 683 2174 hominibus
703 2117 789 2173 bonae
809 2114 984 2172 voluntatis.
1027 2115 1197 2175 Laudamus
1216 2125 1256 2192 te,
1271 2121 1366 2181 Bene-

155 2215 284 2273 dicimus
317 2220 358 2287 te,
391 2213 564 2271 Adoramus
596 2217 637 2284 te,
666 2210 875 2269 Glorificamus
908 2215 948 2267 te.
1005 2208 1126 2270 Gratias
1158 2215 1273 2291 agimus
1306 2219 1365 2277 tibi

155 2318 280 2388 propter
306 2329 444 2387 magnam
471 2309 598 2387 gloriam
623 2315 717 2381 tuam,
743 2306 873 2365 Domine
901 2306 993 2380 Deus,
1019 2307 1088 2365 Rex
1111 2309 1246 2384 caelestis,
1272 2314 1362 2386 Deus,

155 2409 251 2467 Pater
264 2408 460 2484 omnipotens.
508 2407 637 2465 Domine
651 2404 713 2463 Fili
725 2403 888 2481 unigenite,
903 2404 925 2464 J
927 2422 978 2462 esu
993 2403 1118 2477 Christe,
1129 2407 1258 2468 Domine
1272 2412 1363 2486 Deus,

156 2506 266 2582 Agnus
290 2505 358 2579 Dei,
380 2504 478 2562 Filius
503 2502 612 2577 Patris,
639 2502 699 2573 Qui
723 2501 806 2560 tollis
827 2507 948 2579 peccata
974 2502 1089 2577 mundi,
1107 2504 1246 2566 miserere
1269 2510 1363 2570 nobis.

157 2604 218 2675 Qui
232 2603 313 2661 tollis
326 2609 446 2680 peccata
459 2602 573 2676 mundi,
589 2601 704 2678 suscipe
717 2600 953 2678 deprecationem
967 2597 1107 2661 nostram.
1159 2604 1219 2675 Qui
1232 2608 1314 2668 sedes
1326 2611 1365 2671 ad

155 2701 311 2760 dexteram
331 2699 440 2772 Patris,
459 2700 599 2759 miserere
618 2698 712 2757 nobis.
756 2697 903 2768 Quoniam
922 2704 957 2756 tu
976 2697 1055 2757 solus
1075 2707 1204 2775 sanctus,
1219 2704 1264 2764 Tu
1284 2707 1367 2767 solus

155 2800 312 2868 Dominus,
324 2799 370 2855 Tu
384 2799 463 2857 solus
471 2798 642 2870 altissimus,
654 2797 676 2857 J
677 2816 730 2856 esu
743 2795 871 2870 Christo,
882 2816 950 2856 cum
960 2795 1070 2858 Sancto
1084 2799 1209 2878 Spiritu,
1221 2802 1260 2862 In
1269 2806 1365 2883 gloria

155 2897 215 2955 Dei
229 2896 338 2955 Patria.
380 2897 489 2956 Amen.

219 2994 329 3054 Oratio

219 3091 417 3168 Omnipotens
432 3089 612 3168 sempiterne
630 3089 721 3162 Deus,
738 3088 791 3166 qui
807 3088 916 3147 dedisti
934 3084 1021 3149 nobis
1037 3090 1157 3150 famulis
1176 3094 1238 3152 tuis
1250 3095 1283 3153 in
1297 3117 1365 3156 con·

156 3189 282 3248 sessione
301 3208 380 3247 verae
400 3187 469 3245 fidei
491 3193 609 3247 aeternae
631 3186 790 3244 Trinitatis
810 3184 936 3263 gloriam
957 3205 1122 3263 agnoscere,
1137 3195 1168 3248 et
1184 3189 1217 3248 in
1230 3195 1365 3268 potentia

157 3287 322 3363 majestatis
343 3285 465 3343 adorare
485 3285 632 3342 unitatem
642 3304 652 3356 ;
674 3302 850 3361 quesumus,
866 3288 902 3340 ut
922 3283 1054 3360 ejusdem
1074 3286 1144 3345 fidei
1164 3287 1306 3348 firmitate
1326 3291 1366 3348 ab

157 3384 297 3442 omnibus
311 3401 425 3459 semper
437 3381 610 3440 muniamur
622 3380 762 3439 adversis.

219 3479 291 3537 Alio
306 3477 408 3537 Oratio
421 3478 474 3539 aut
487 3498 552 3537 ano
564 3477 753 3536 corwtuaioue.

221 3575 342 3634 Exaudi
360 3595 423 3649 nos,
439 3575 627 3653 omnipotens
650 3580 682 3632 et
703 3571 870 3630 misericors
891 3571 982 3643 Deus,
997 3577 1035 3630 ut
1053 3571 1133 3649 quod
1152 3579 1253 3632 nostro
1268 3576 1366 3637 minis·

157 3680 259 3734 tratur
292 3673 396 3746 officio,
425 3678 480 3732 tua
511 3671 717 3732 benedictione
750 3668 852 3747 potius
884 3666 1053 3744 impleatur.
1110 3667 1170 3727 Per
1203 3670 1365 3733 Dominum

157 3777 304 3832 nostrum.

220 3867 271 3926 Ad
286 3864 455 3928 Corinthios
467 3865 502 3944 (1
519 3865 556 3924 vi
574 3863 690 3943 15-20).

220 3965 358 4024 Fratres:
389 3963 523 4023 Nescitis
546 3961 688 4041 quoniam
715 3980 835 4038 corpora
858 3965 958 4020 vestra
984 3961 1114 4022 membra
1138 3972 1209 4025 sunt
1234 3966 1365 4030 Christil

158 4061 278 4121 Tollens
291 4081 360 4141 ergo
380 4061 513 4120 membra
534 4059 656 4133 Christi,
669 4059 775 4118 faciam
795 4060 927 4118 membra
948 4062 1131 4122 meretricis?
1169 4066 1269 4125 Absit.
1310 4069 1363 4127 An

158 4159 281 4218 nescitis
300 4158 441 4238 quoniam
461 4157 515 4235 qui
534 4156 666 4215 adhaeret
685 4155 835 4216 meretrici
854 4177 947 4215 unum
961 4178 1066 4236 corpus
1079 4161 1224 4222 efficiturl
1264 4163 1364 4223 Erunt
1389 4206 1396 4221 .

159 4253 250 4328 enim,
265 4255 374 4332 inquit,
388 4253 448 4312 duo
462 4253 495 4312 in
508 4271 678 4312 carneuna.
721 4253 781 4324 Qui
801 4257 902 4311 autem
919 4254 1050 4313 adhaeret
1063 4255 1136 4330 Deo,
1150 4277 1229 4316 unus
1242 4260 1364 4336 spiritus

159 4358 215 4414 eat.
257 4351 365 4431 Fugite
379 4349 613 4409 fornicationem.
656 4349 753 4411 Omne
766 4354 927 4429 peccatum,
943 4351 1138 4428 quodcunque
1152 4353 1254 4413 iecerit
1267 4354 1366 4429 homo,
