2962 4928
308 339 453 409 Ordines
469 336 648 407 Unctioais
660 337 824 405 Ectmma
838 343 868 405 ct
882 336 1078 424 Sepultura.
1212 344 1292 407 193·

143 506 251 566 Finita
263 506 444 584 imbricata,
455 506 575 583 imperet
586 504 727 566 Sacerdos
739 523 824 566 orare
831 525 889 582 pro
902 525 933 566 co
946 506 1090 570 dumo:

142 588 236 647 Pater
248 594 356 648 noster.
400 587 470 647 Non
483 587 586 645 intres.
628 586 661 646 A
674 592 761 664 porta
773 587 870 648 inferi

145 669 295 727 Dominus
304 669 464 727 vobiscum
507 667 642 726 Ommua

143 748 282 818 Domino,
296 754 396 807 sancte
416 748 515 821 Pater,
531 748 719 825 omnipotens
739 755 848 807 aeterne
869 748 960 820 Deus,
975 749 1028 826 qui
1042 748 1164 808 unicum
1178 750 1290 808 Filium

83 837 180 902 tuum,
204 828 370 888 Dominum
390 834 525 886 nostrum
545 829 568 887 J
569 848 652 887 esum
672 829 834 902 Christum,
847 829 998 887 incarnari
1020 830 1209 902 constituisti,
1231 849 1290 906 quo

51 925 54 931 ·
83 916 237 968 vetustum
257 909 385 968 solveret
404 909 525 985 proprio
546 928 649 968 cruore
670 915 823 985 peccmum
845 915 876 967 et
897 909 992 966 vitam
1012 909 1148 968 redderet
1160 911 1271 968 mundo
1282 931 1290 982 ;

82 990 147 1068 ipso
160 989 336 1067 opitulante,
357 989 488 1047 anirnam
506 990 608 1047 fratris
627 989 723 1048 nostri
741 991 780 1047 ab
800 989 948 1067 ergastulo
968 989 1139 1048 caenulentas
1158 991 1289 1049 materiae

82 1077 253 1148 exemptam
262 1072 301 1129 ab
310 1071 449 1130 omnibus
462 1069 587 1146 piaculis
600 1070 726 1130 absolve.
763 1069 835 1128 Non
855 1069 987 1146 patiatur
1000 1070 1123 1128 insidias
1136 1089 1288 1129 occursan-

82 1153 161 1210 tium
183 1151 361 1224 dsemonum,
376 1156 499 1228 propter
518 1170 608 1227 quem
630 1150 739 1209 misisti
758 1150 796 1209 sd
816 1156 910 1208 terras
930 1149 1052 1208 unicum
1066 1151 1178 1209 Filium
1191 1158 1286 1211 tuum.

82 1231 192 1290 Libera
207 1239 239 1290 et
257 1231 377 1291 absolve
398 1251 464 1290 earn
485 1251 504 1289 a
523 1237 603 1290 tetra
622 1231 762 1309 voragine
781 1230 900 1301 inferni,
915 1249 1004 1307 quem
1017 1231 1169 1291 redemisti
1192 1235 1288 1310 pretio

82 1313 235 1389 sanguinis
249 1313 408 1390 Unigeniti
421 1312 476 1371 tui
520 1313 628 1371 Libera
648 1318 680 1370 et
698 1310 817 1370 absolve
837 1329 903 1369 eam
922 1312 961 1368 ab
981 1313 1135 1372 estuantis
1151 1313 1288 1372 incendio

80 1393 232 1471 gehennae,
247 1393 393 1453 collocans
410 1393 443 1452 in
457 1392 593 1454 Paradisi
605 1393 782 1453 amenitate.
825 1391 857 1450 N
858 1411 897 1449 on
917 1392 1036 1466 sentiat,
1050 1394 1180 1470 piissime
1193 1401 1286 1471 pater,

82 1474 161 1550 quod
183 1474 259 1533 calet
280 1475 313 1532 in
335 1475 471 1548 flammis,
495 1474 575 1552 quod
596 1473 702 1532 stridet
724 1474 757 1530 in
779 1473 882 1550 paenis,
905 1473 956 1531 sed
978 1475 1204 1551 magnificentiae
1226 1483 1287 1534 turo

80 1574 203 1614 munere
216 1563 370 1632 praeventa
389 1561 538 1616 mereatur
558 1554 680 1613 evadere
695 1554 844 1630 judicium
865 1553 997 1627 ultionis,
1013 1560 1045 1612 et
1063 1556 1157 1615 bcatae
1175 1557 1288 1633 requici

80 1642 111 1692 et
124 1634 199 1695 lucis
213 1643 331 1696 aeternoe
344 1637 487 1694 felicitate
500 1635 621 1712 perfrui,
638 1633 803 1692 Praestanto
816 1635 926 1693 eodem

143 1717 342 1791 Temeritatis,
358 1716 478 1792 quidem
491 1721 545 1786 est,
560 1714 698 1786 Domine,
713 1724 739 1772 et
751 1724 843 1773 cetera
856 1723 1006 1789 utsupra,
1021 1733 1049 1790 p.
1068 1716 1133 1775 101.

141 1797 286 1856 Debitum
300 1796 425 1852 humani
438 1795 574 1871 corporis,
588 1802 615 1852 et
629 1803 720 1851 cebro
732 1802 877 1868 utsupra,
892 1812 919 1868 p.
939 1794 1004 1851 102.

141 1876 302 1953 Exsequiis
325 1876 383 1932 rite
404 1874 559 1931 celebratis
580 1873 779 1947 membrisque
801 1874 911 1930 feretro
934 1872 1085 1948 expositis,
1108 1875 1228 1932 tumulo·
1248 1895 1286 1934 ex

79 1976 161 2014 more
181 1954 352 2030 composito,
373 1959 441 2028 post
461 1952 554 2010 Israel
571 1952 687 2009 exitum
701 1952 738 2012 de
752 1952 879 2027 Egypto,
895 1952 1086 2029 deprecemur
1099 1953 1286 2014 elementiam

81 2035 140 2092 Dei
158 2034 258 2091 Patris
275 2053 330 2109 pro
351 2032 460 2108 spiritu
482 2033 543 2090 cari
564 2032 666 2104 nostri,
683 2051 772 2108 quem
791 2032 926 2089 Deuade
948 2033 1053 2109 laqueo
1072 2032 1162 2109 hujus
1181 2037 1288 2094 muudi

79 2115 219 2172 liberavit
233 2112 354 2189 lugubri
368 2118 398 2170 et
412 2111 513 2184 letali3
533 2113 617 2186 cujus
637 2130 721 2189 posse
741 2111 852 2188 ubique
865 2118 910 2170 est
923 2118 954 2170 et
967 2119 1099 2189 potestas
1119 2113 1286 2173 innumera·

79 2193 161 2267 bilis,
182 2193 293 2252 habens
313 2191 435 2250 divitiae
455 2191 623 2269 spirituales
643 2192 764 2268 spiritui
782 2192 852 2251 huic
873 2192 1031 2251 subveniat
1051 2193 1200 2251 Dominus
1220 2197 1287 2253 sub

80 2275 168 2348 limis,
193 2280 229 2334 ut
255 2273 361 2332 ardore
384 2278 484 2330 careat
511 2272 615 2331 aetenri
636 2272 722 2349 ignis,
745 2272 906 2349 adepturus
932 2275 1069 2350 perpetui
1096 2275 1182 2350 regni
1207 2275 1300 2333 rea-i:

79 2356 200 2433 gerium.
243 2355 350 2413 Coram
371 2373 439 2431 rege
456 2373 510 2412 suo
523 2352 707 2431 gratificetur
719 2353 753 2410 in
765 2353 873 2429 gaudio
885 2355 1018 2431 genitali,
1033 2354 1066 2411 in
1079 2355 1201 2413 sublimi
1214 2356 1287 2414 solio

78 2443 198 2513 patrum
224 2435 457 2513 praeelectorum,
472 2435 505 2492 in
528 2433 625 2492 modio
642 2435 801 2510 justorum,
821 2433 855 2491 in
878 2433 1083 2510 splendoribus
1106 2443 1285 2506 sanctorum,

78 2518 193 2576 insede
212 2517 376 2593 majestatis
396 2535 519 2594 magna,
535 2516 568 2572 in
586 2514 699 2573 lumine
723 2514 851 2592 regionis
871 2515 1016 2575 vivorum
1060 2516 1120 2576 Per
1143 2536 1211 2575 eum
1233 2519 1287 2595 qui

79 2605 124 2656 est
137 2605 289 2656 venturus.

139 2680 210 2738 Post
223 2679 283 2738 iac
291 2679 417 2762 irrepat
429 2687 532 2737 canta
539 2697 597 2754 pro
607 2676 654 2735 liis
666 2676 721 2752 qai
733 2676 768 2735 in
781 2676 934 2736 comeso
948 2678 1130 2754 requisceret
1142 2704 1153 2740 .·

139 2761 282 2820 Miserere
296 2760 355 2818 mei
369 2759 452 2818 Deus
465 2758 522 2837 (i)

140 2841 287 2920 Requiem
301 2847 449 2899 aternam
493 2839 535 2896 Et
548 2839 609 2896 lux.

138 2922 197 2981 IIic
211 2924 291 2981 dicat
303 2921 444 2980 Sacerdos
456 2921 491 2978 ia
503 2921 613 2977 auditu
626 2917 780 2978 omnium:

138 3003 230 3061 Pater
246 3008 356 3074 noster,
370 3021 424 3078 pro
444 2999 600 3058 animabus
623 3000 750 3058 fratrum
767 3005 902 3058 nostrum
921 3000 974 3078 qui
994 3001 1027 3060 in
1049 3002 1105 3064 hoc
1122 3010 1287 3068 caemeterio

77 3083 265 3159 requiescunt
279 3089 311 3140 et
329 3102 384 3158 pro
397 3081 553 3140 animabus
566 3081 701 3138 omnium
715 3079 847 3138 fidelium
860 3081 1075 3144 defunctorum.

139 3164 180 3221 Et
193 3183 231 3221 ne
244 3182 305 3222 nos.
349 3163 420 3220 Non
432 3163 536 3220 intres.
576 3162 609 3220 A
622 3167 709 3238 porta
721 3160 817 3220 inferi.

140 3244 288 3301 Dominus
301 3243 461 3302 vobiscum.
505 3241 640 3300 Oramus.

139 3323 336 3400 Omnipotens
356 3323 533 3398 sempiterne
555 3323 646 3394 Deus,
660 3323 766 3394 annue,
782 3342 960 3403 quaesumus,
974 3325 1110 3400 precibus
1128 3330 1237 3388 nostris
1251 3351 1286 3388 cu

78 3424 145 3484 quie
173 3405 329 3480 poscimus,
352 3409 384 3462 et
405 3402 485 3460 dona
517 3402 655 3461 omnibus
683 3422 810 3479 quorum
832 3423 955 3480 corpora
975 3405 1024 3462 hic
1051 3413 1083 3464 et
1110 3407 1143 3465 in
1171 3415 1286 3470 cunct's

77 3486 250 3543 caemeteriis
263 3489 433 3543 sanctorum
447 3484 644 3561 requiescunt,
659 3483 805 3560 refrigerii
818 3483 925 3558 sedem,
939 3485 1049 3561 quietis
1059 3488 1284 3561 beatitudinem,

77 3566 200 3624 luminis
220 3566 405 3638 claritatem3
430 3565 533 3642 etqui
553 3569 741 3640 peccatorum
760 3583 883 3622 suorum
903 3565 1030 3642 pondere
1050 3578 1285 3646 praegrsvantur,

78 3664 128 3706 eos
141 3646 318 3723 supplicatio
332 3645 518 3703 commendet
530 3644 665 3703 ecclesiae.

136 3726 214 3786 Inde
237 3733 421 3786 revertamur
444 3734 561 3783 cantore
590 3725 745 3801 incipiente
774 3734 880 3803 septem
904 3727 1039 3786 Psalmoe
1059 3729 1284 3808 paenitentiales,

79 3828 200 3884 canique
220 3806 405 3885 perverterint
430 3805 464 3863 in
488 3805 615 3880 cicrnn
630 3815 799 3883 prosternat
819 3828 847 3868 se
865 3808 899 3866 in
915 3817 1023 3868 tanam
1044 3809 1184 3873 Sacerdos
1197 3834 1286 3891 snper

69 3888 212 3963 sororem.

138 3967 253 4026 Finitis
263 3976 369 4046 septem
381 3965 512 4026 Psalmis
525 3966 718 4042 sandjawant:

139 4048 288 4124 Requiem
301 4055 450 4108 aeternam.
495 4046 706 4106 Paternoster.
749 4045 779 4106 A
792 4055 884 4126 porta.

139 4129 310 4202 Satisfeciat
337 4130 404 4202 tibi,
428 4128 557 4188 Domine
580 4128 662 4187 Deus
685 4133 795 4201 noster,
823 4149 876 4205 pro
905 4132 1005 4190 anima
1032 4132 1138 4191 famuli
1166 4136 1213 4194 tui
1234 4139 1284 4212 N,

78 4210 179 4268 fratris
197 4209 301 4280 nostri,
316 4216 425 4267 sanctae
446 4210 506 4268 Dei
524 4209 682 4287 genetricis
701 4228 875 4286 semperque
888 4212 1013 4289 virginis
1034 4212 1139 4272 Mariae
1157 4223 1188 4275 et
1207 4237 1288 4278 sanc-

77 4290 186 4348 tissimi
199 4288 372 4348 oonfessorie
385 4288 432 4347 tui
445 4290 601 4349 Benedicti
618 4289 811 4366 omniumque
825 4299 994 4351 sanctorum
1008 4299 1139 4370 tuorum,
1155 4306 1181 4358 ct
1195 4310 1287 4360 celcra

78 4379 228 4446 utsupra,
242 4389 271 4447 p.
288 4370 354 4428 85¹³.

139 4449 288 4510 Dominus
301 4449 462 4511 vobiscum.
505 4449 704 4568 Requiescarp
718 4450 751 4508 in
764 4470 843 4528 pace.

652 4547 673 4588 u
