3022 4966
146 352 189 414 oo
474 343 633 413 moos
648 343 814 433 foeno
835 343 1030 431 mooun

145 536 232 590 extre
255 549 361 607 corpus
384 534 437 587 eet.
481 527 542 598 Qui
564 533 666 585 cutem
689 525 863 601 fornicatur,
876 527 910 585 in
930 545 1036 606 corpus
1048 546 1137 587 suum
1150 534 1261 606 psocst
1305 528 1361 588 An

144 629 268 689 nescitis
291 628 432 705 quonism
455 644 578 702 corporo
600 632 700 684 vestra
721 625 868 703 templum
886 631 959 684 sunt
978 626 1110 704 Spiritus
1134 618 1245 701 Sancti,
1258 627 1315 704 qui
1328 627 1361 685 in

55 761 59 770 ·
145 726 231 784 nobis
252 731 315 797 est3
336 743 425 801 quom
437 722 585 780 habetisa
600 721 673 796 Deo,
694 728 726 780 et
742 741 803 780 nou
823 722 895 781 estis
914 723 1016 782 vestri.
1059 722 1165 801 Empti
1184 723 1267 782 enim
1288 724 1361 783 estis

145 822 242 899 pretio
255 840 371 898 msgno.
414 819 586 878 Glorificote
599 824 631 878 et
644 825 761 896 porteto
775 819 875 879 Deum
889 819 922 879 in
936 812 1057 898 corpore
1069 824 1183 881 vestm.

208 927 445 1005 Bccponsorium.

208 1025 388 1084 Benedictus
401 1043 441 1097 es,
453 1022 592 1097 Domine,
605 1022 659 1101 qui
671 1022 800 1082 intueris
812 1023 934 1100 abyssos
945 1029 976 1081 et
985 1023 1068 1082 sedes
1080 1041 1171 1100 super
1183 1022 1358 1084 Cherubim

152 1122 181 1182 V.
209 1122 382 1181 Benedicite
409 1120 508 1179 Deum
535 1120 608 1192 caeli,
633 1119 704 1196 quia
725 1119 799 1178 fecit
823 1118 978 1179 nobiscum
1006 1119 1241 1179 misericordium
1263 1140 1359 1180 susm.

148 1222 296 1299 Alleluyu
634 1293 637 1297 ,

152 1321 181 1381 V.
209 1321 389 1399 Benedictus
401 1338 442 1393 es,
467 1316 606 1390 Domine,
631 1316 714 1376 Deus
737 1323 858 1394 potrum
882 1322 1063 1390 nostrorum,
1086 1321 1118 1376 et
1140 1315 1305 1377 nudabitis
1327 1318 1360 1376 in

146 1419 262 1479 soeculo„

206 1512 390 1592 Sequentio*

146 1593 310 1672 mucorem
323 1613 363 1668 ss
377 1611 464 1668 soca
478 1608 620 1683 mmm,
635 1607 741 1666 Deitas
755 1613 867 1666 aesema
879 1607 1001 1685 passer,
1016 1607 1184 1686 osquam
1196 1608 1315 1686 gloria:

148 1712 231 1769 Deus
251 1710 386 1781 Genitor,
408 1708 509 1765 Notus
528 1707 657 1784 genitus,
681 1725 749 1765 cum
773 1725 855 1764 sacro
880 1705 1046 1766 Pneumsto
1068 1725 1249 1785 permanens
1272 1726 1364 1785 super

222 1835 226 1843 ·
268 1824 356 1862 omne
370 1804 450 1880 quod
463 1808 583 1862 exstet:

147 1904 264 1974 Quibus
278 1909 323 1960 ost
337 1920 398 1959 une
410 1920 527 1976 sempor
540 1900 688 1973 voluntas,
704 1907 735 1959 ct
747 1920 766 1959 u
779 1919 811 1959 sc
824 1898 994 1977 discrepans
1013 1897 1095 1958 houd
1113 1917 1252 1977 unqusm
1264 1902 1365 1980 tripli·

270 2006 337 2057 cata
351 2017 485 2076 persono„

147 2097 228 2156 Num
242 2103 360 2157 constet
373 2095 481 2153 Deitas
500 2113 569 2165 une,
583 2114 645 2152 non
664 2094 698 2152 in
718 2100 779 2154 tres
800 2095 881 2154 Deos
900 2094 1006 2170 divise
1020 2093 1101 2172 quod
1120 2093 1193 2154 fides
1214 2094 1335 2157 fatetur
1345 2118 1365 2157 c

268 2195 387 2254 Christo
401 2192 567 2252 orthodoxe
580 2193 669 2252 edito.

146 2292 222 2352 Hccc
235 2312 365 2369 numque
379 2291 466 2368 pellit
483 2289 599 2363 delicte,
615 2288 744 2365 petriam
764 2289 844 2349 cedit
864 2307 1008 2364 serenam,
1023 2309 1084 2368 quc
1096 2288 1216 2350 dulcem
1223 2292 1366 2370 jubilent

266 2390 387 2467 agmina
400 2388 609 2465 symphoniam
622 2388 739 2446 caelics:

146 2487 318 2545 Altithroni
332 2486 458 2562 vestigia
471 2486 631 2543 imitantur
644 2485 728 2543 stolis
741 2485 908 2559 candidatu,

146 2582 389 2660 Operiunturquc
403 2584 490 2641 binus
504 2603 577 2660 quas
590 2589 713 2660 captent
726 2590 795 2660 post
808 2583 888 2642 scecli
901 2582 1081 2642 discrimino.

146 2679 189 2737 Et
202 2698 265 2750 nos,
280 2698 353 2754 quos
367 2679 500 2736 illustret
513 2679 610 2755 grstia
626 2680 684 2737 Dei
698 2699 813 2756 supere,
828 2679 932 2737 demus
945 2685 1049 2738 nostra
1060 2678 1182 2754 debitc5

86 2773 91 2781 ’
146 2776 297 2846 Quatinus
311 2782 430 2834 caterve
443 2777 542 2834 coelico
555 2776 641 2834 nobis
655 2783 773 2834 maneat
786 2783 854 2853 post
866 2776 972 2834 funem
984 2777 1072 2849 socio,
1260 2773 1266 2785 '

147 2872 324 2947 Ultimaque
337 2880 405 2948 post
419 2879 485 2930 ecta
498 2874 670 2931 discrimine
683 2876 830 2951 possimus
843 2875 906 2932 alto
919 2873 1033 2952 perfrui
1046 2893 1117 2932 mox
1131 2873 1257 2952 palatin,

147 2968 213 3039 Quo
231 2970 385 3047 perspicua
403 2971 510 3046 flagrat
527 2970 581 3027 lux
598 2990 719 3029 accenso
736 2970 887 3035 constanti
901 2972 1028 3046 flamme,
1043 2991 1103 3049 quo
1117 2971 1202 3032 Deus
1216 2981 1277 3053 est,
1288 2977 1366 3038 visio

266 3074 370 3125 nostra
383 3075 414 3125 et
429 3069 509 3126 salus
523 3076 644 3142 aeterna,

145 3166 331 3243 Angelorum
346 3186 411 3242 quae
425 3167 559 3225 illustret
572 3167 693 3226 fortiter
706 3174 835 3244 pectora,

148 3263 241 3322 Utin
255 3263 375 3322 Christo
389 3264 451 3322 solo
465 3284 519 3322 sua
532 3267 665 3343 defigant
678 3266 803 3324 lumine.

147 3359 222 3417 Haec
235 3379 363 3437 namque
377 3367 423 3419 est
436 3360 503 3419 sitis
516 3363 569 3420 illa
583 3363 720 3439 flagrans,
732 3382 792 3439 quc
802 3368 875 3420 tunc
885 3362 991 3423 sitient
1003 3362 1110 3423 cnimae
1124 3371 1307 3430 sanctorum
1317 3372 1365 3431 vel

269 3476 402 3533 corpora,

144 3554 223 3614 Cum
236 3557 349 3616 suerint
363 3559 433 3617 (lats
446 3564 591 3637 perpetus
604 3559 647 3617 cis
660 3576 714 3634 pro
728 3557 815 3617 bonis
828 3577 847 3616 e
855 3557 957 3635 jndice
970 3557 1100 3634 proemio.

205 3687 374 3746 Semelam
387 3687 565 3746 Jolmnnom
577 3688 641 3767 (iii.
658 3687 775 3765 27-29).

206 3784 246 3840 In
273 3785 325 3841 illo
352 3791 494 3862 tempore,
519 3785 714 3862 Respondens
740 3785 897 3844 Johennes
920 3784 1017 3844 dixit:
1049 3785 1121 3844 Non
1143 3793 1253 3864 potest
1278 3793 1366 3854 homo

142 3881 276 3955 accipere
289 3881 457 3957 quicquam,
472 3883 532 3940 uisi
545 3883 650 3940 dotum
663 3882 756 3941 fuerit
768 3882 815 3939 illi
830 3883 866 3941 dc
880 3883 959 3941 caelo.
1003 3882 1069 3960 Ipsi
1082 3902 1136 3942 vos
1150 3874 1367 3953 testiinonium

144 3976 349 4053 perhibebitis,
364 3978 444 4052 quod
457 3979 584 4036 dixerim
597 4002 604 4038 :
627 3981 691 4057 Ego
704 3999 766 4039 non
780 4001 846 4038 sum
858 3979 1005 4056 Christus,
1017 3981 1069 4041 sed
1083 3982 1154 4058 quis
1168 3986 1289 4051 missus
1302 4012 1367 4052 gum

145 4079 216 4131 onte
230 4072 324 4131 illum.
369 4074 430 4144 Qui
442 4075 531 4133 habet
546 4096 683 4153 sponsam
701 4097 825 4155 sponsus
838 4085 891 4139 est.
934 4078 1060 4137 Amicus
1073 4085 1177 4138 autem
1191 4090 1304 4160 sponsi
1317 4088 1368 4169 qui

141 4174 206 4227 >stet
230 4175 261 4227 et
284 4169 369 4227 audit
392 4189 469 4243 eum,
494 4174 602 4249 gaudio
626 4176 736 4250 gaudet
759 4182 881 4253 propter
904 4195 1007 4234 vocem
1030 4176 1139 4254 sponsi.
1195 4179 1274 4246 Hoc
1300 4206 1368 4266 ergo

142 4265 287 4344 goudium
302 4286 401 4325 meum
415 4268 572 4346 impletum
586 4277 640 4344 est,
655 4277 690 4328 nt
704 4278 735 4330 ot
747 4273 889 4351 gaudium
903 4279 1038 4332 vestrum
1051 4272 1229 4351 implentur.

513 4424 524 4448 ¹
542 4422 595 4470 Om.
607 4422 651 4470 Ed.
663 4425 710 4471 und
720 4424 803 4486 MSS,
813 4431 900 4489 except
911 4427 986 4474 York.
