3022 4966
480 369 569 439 aa
590 370 638 437 aa
653 368 821 458 racana
841 368 1034 457 spamam

215 556 313 633 Kyrie
326 555 453 633 eleyson.
497 553 618 614 Christe
630 553 758 632 eleyson.
804 553 902 632 Kyrie
916 552 1044 630 eleyson.

214 653 275 711 llic
287 660 365 728 νομοί
378 651 518 710 Sacerdos
530 650 750 710 circumtautcs
762 670 847 712 orare
855 667 913 727 pru
926 647 968 708 eis
980 647 1079 707 dicem
1088 671 1098 707 .·

215 750 307 807 Pater
320 755 430 807 noster.
474 748 516 806 Et
529 766 567 806 ne
581 767 645 806 nou.

216 847 337 906 Salvum
346 846 391 905 iac
400 865 519 905 servum
532 852 620 904 tuum
629 851 660 904 et
668 846 910 905 ancillamtuem:
925 845 1009 904 Deus
1016 863 1109 916 meus,
1118 847 1275 921 sperantes
1283 842 1318 902 in
1327 849 1366 904 te

214 943 288 1001 Esto
302 942 352 1014 eis,
367 942 506 1015 Domine,
520 941 614 1000 turris
627 942 834 1001 fortitudinis:
854 943 887 1001 A
899 941 975 1000 fecie
988 939 1111 1000 inimici.

215 1040 302 1100 Nihil
322 1040 459 1118 proficiat
483 1039 623 1098 inimicus
643 1041 676 1097 in
698 1040 758 1100 cis:
786 1040 828 1098 Et
849 1039 929 1099 filins
952 1038 1123 1116 iniquitatis
1144 1056 1209 1095 non
1232 1044 1368 1116 apponat

154 1158 259 1199 nocere
273 1139 324 1200 eis.

215 1236 307 1294 Mitte
320 1235 373 1308 eis,
387 1233 526 1307 Domine,
540 1233 688 1291 auxilium
701 1234 738 1292 de
751 1239 854 1293 sancto
865 1254 872 1292 ι
892 1233 936 1292 Et
948 1231 986 1292 de
999 1231 1073 1292 Sion
1084 1237 1169 1291 tuere
1183 1249 1243 1290 eos.

213 1335 296 1393 Deus
306 1331 454 1391 custodiat
464 1351 514 1390 eos
524 1332 562 1389 ab
575 1331 658 1389 omni
668 1331 762 1391 malo:
786 1331 945 1391 Custodiat
954 1331 1069 1390 animas
1076 1334 1191 1389 vestros
1202 1327 1362 1391 Dominus.

213 1431 362 1490 Dominus
378 1430 537 1488 vobiscum.
581 1429 716 1491 Oremus.
760 1429 871 1489 Oratio.
1240 1502 1243 1507 Ι

213 1528 297 1587 Deus
310 1526 475 1598 Abraham,
490 1526 575 1585 Deus
594 1525 688 1599 Isaac,
703 1526 786 1584 Deus
804 1526 909 1597 Jacob,
924 1525 1008 1584 Deus
1025 1525 1164 1584 vivorum
1181 1529 1215 1583 et
1232 1532 1365 1586 mortuo

150 1644 227 1699 rum,
242 1625 304 1702 ipse
324 1625 487 1701 conjunget
504 1642 558 1682 vos
568 1642 578 1696 3
597 1622 778 1700 impleatque
797 1622 947 1681 Dominus
963 1620 1202 1680 benedictionem
1224 1623 1364 1682 suumin

148 1740 210 1780 vos.
254 1720 313 1778 Per
327 1720 481 1779 Christum
495 1719 661 1779 Dominum
674 1725 821 1778 nostrum.
864 1719 975 1777 Amen.

212 1815 346 1875 Oramus
389 1814 524 1891 Respice,
542 1814 680 1887 Domine,
695 1814 732 1874 de
750 1814 822 1873 caelo
839 1820 941 1873 sancto
959 1820 1013 1873 tuo
1030 1832 1120 1891 super
1136 1812 1216 1873 hanc
1236 1833 1363 1874 conven-

149 1911 271 1983 tionem,
296 1911 403 1988 etqui
424 1911 534 1970 misisti
558 1918 694 1971 sanctum
719 1911 857 1990 angelum
883 1917 972 1970 tuum
999 1909 1182 1987 Raphaelem
1204 1910 1310 1970 Tabim
1332 1918 1363 1971 et

151 2008 230 2067 Sarte
251 2007 319 2066 filiae
340 2007 491 2086 Raguelis,
513 2009 566 2082 ita,
590 2009 729 2083 Domine,
752 2008 840 2068 mitte
861 2005 1145 2088 benedictiffionem
1165 2013 1252 2067 tuam
1272 2027 1363 2086 super

150 2107 223 2165 istos
236 2106 443 2180 adolescentes,
465 2112 501 2165 ut
518 2107 551 2164 in
569 2114 624 2166 tua
637 2108 793 2166 voluntate
814 2111 1015 2185 permaneant,
1029 2112 1061 2166 et
1078 2106 1111 2164 in
1127 2112 1182 2165 tna
1199 2108 1362 2166 securitate

150 2204 322 2279 consistant,
346 2209 377 2263 et
400 2203 433 2261 in
457 2222 556 2262 amore
577 2209 631 2261 tuo
651 2203 758 2262 vivant
780 2210 812 2262 et
835 2207 988 2262 senescant
1011 2208 1042 2261 et
1062 2201 1306 2279 multiplicentur
1328 2204 1361 2262 in

151 2301 369 2379 longitudinem
383 2301 507 2359 dierum.
550 2300 616 2359 Per.

215 2399 298 2460 Pane
311 2407 506 2477 asper-paretur
519 2408 545 2457 et
559 2399 788 2458 introducantur
801 2399 835 2458 ia
845 2398 999 2473 ecclesiam,
1009 2406 1035 2458 et
1046 2398 1206 2476 prostratis
1218 2396 1284 2458 iltis
1293 2407 1362 2458 aute

148 2497 278 2572 pradum
291 2497 416 2568 Altaria,
430 2496 571 2555 Sacerdos
584 2495 618 2554 ire
632 2496 727 2555 eundo
741 2515 808 2555 cum
821 2496 884 2554 suis
896 2495 1043 2555 ministris
1055 2495 1136 2555 dicat
1148 2493 1334 2556 Psalmum:

211 2592 300 2650 Beati
313 2611 413 2650 omnes
427 2591 480 2668 qui
493 2590 603 2649 timent
617 2589 789 2663 Dominum,
806 2601 832 2650 et
846 2600 937 2650 cetera
950 2590 1091 2669 (marii.)
1131 2588 1237 2649 Gloria
1250 2590 1347 2650 Patri

214 2688 446 2764 Kyrieolcysou.
475 2688 593 2745 Christe
604 2688 729 2764 eleyson.
758 2688 992 2766 Kyrieeleyson.
1019 2687 1111 2746 Pater
1121 2692 1231 2745 noster.
1259 2687 1304 2747 Et
1315 2707 1361 2747 no.

213 2785 335 2844 Salvum
344 2786 390 2844 suc
398 2806 517 2844 sewum
525 2793 612 2844 tuum
620 2793 651 2844 et
659 2787 797 2844 ancillam
807 2792 904 2844 tuam:
919 2785 1002 2845 Deus
1010 2805 1102 2858 meus,
1114 2790 1268 2861 sperantes
1276 2785 1312 2844 in
1321 2793 1360 2846 te

213 2882 362 2941 Dominus
385 2883 534 2942 custodiat
557 2903 610 2942 vos
634 2883 672 2941 ab
699 2884 781 2942 omui
802 2883 900 2942 mulo:
925 2882 1082 2942 custodiat
1102 2882 1218 2940 animos
1244 2888 1363 2942 vestras

152 2978 307 3039 Dominus.

207 3078 356 3137 Dominus
374 3077 522 3136 ciutodiut
538 3077 696 3134 introitum
715 3084 849 3135 vostrum
870 3084 901 3136 et
915 3077 1031 3136 exitum
1045 3082 1198 3135 restrum:
1228 3076 1280 3134 Ex
1294 3077 1360 3150 hoc,

146 3194 225 3233 nuuc
239 3181 270 3233 et
280 3194 374 3251 usque
388 3174 420 3231 iu
434 3172 583 3232 saeculum.

207 3271 355 3330 Dominus
369 3272 528 3328 vobiscum.
573 3271 614 3327 Et
628 3289 696 3328 cum
710 3270 818 3347 spiritu
832 3276 892 3330 tuo.
936 3270 1073 3330 Oremus.

206 3369 288 3426 Deus
303 3367 467 3438 Abraham,
479 3368 560 3424 Deus
575 3367 667 3437 Isaac,
680 3367 762 3425 Deus
775 3366 879 3440 Jacob,
890 3367 1013 3425 benedic
1024 3364 1261 3426 adolescentulos
1275 3367 1359 3443 istos,

146 3474 177 3526 et
200 3465 313 3525 semine
335 3484 435 3523 semen
456 3464 527 3522 vitae
555 3470 672 3522 ueterum
695 3464 728 3521 in
756 3465 906 3522 mentibus
934 3482 1046 3536 eorum,
1069 3470 1104 3521 ut
1130 3463 1278 3540 quioquid
1306 3485 1362 3544 pro

144 3563 276 3622 utilitato
287 3582 341 3621 sua
351 3561 518 3634 didicerint,
530 3560 585 3619 hoc
595 3560 689 3620 facore
702 3560 833 3637 cupiant,
844 3580 897 3638 per
907 3561 929 3620 J
930 3581 1013 3619 esum
1027 3560 1191 3631 Christum,
1202 3579 1363 3640 recupera·

144 3665 239 3718 torem
250 3659 414 3730 hominum,
424 3657 536 3714 Filium
547 3662 635 3714 tuum
642 3656 837 3734 unigenitum.
861 3657 922 3727 Qui
935 3663 1041 3715 tecum.
1065 3656 1124 3714 Per
1133 3655 1237 3714 omnia
1250 3659 1362 3718 saeculs

149 3758 331 3816 soeculorum.
373 3756 482 3814 Amen.

208 3853 342 3912 Oremue.
366 3849 575 3932 Benedivxecat
584 3858 615 3910 et
623 3853 770 3911 custodiat
779 3872 832 3911 vos
841 3853 923 3912 Deus
934 3853 1033 3926 Pater,
1043 3850 1244 3928 ostendatque
1252 3852 1363 3915 faciem

150 3967 234 4006 suam
261 3945 355 4017 vobis,
377 3952 408 4003 ct
432 3947 605 4007 misereatur·
632 3949 740 4008 vestri:
771 3954 925 4008 convertat
949 3948 1097 4007 Dominus
1120 3946 1245 4006 vultum
1271 3970 1364 4012 suum

148 4059 317 4119 supervos,
339 4046 370 4099 et
390 4040 441 4099 det
461 4042 546 4100 vobis
565 4063 665 4119 pacem
676 4064 685 4117 3
708 4044 890 4122 impleatque
916 4063 969 4103 vos
995 4045 1085 4105 lesus
1112 4042 1256 4104 christus
1278 4048 1365 4107 omni

148 4134 403 4214 bencssdictione
416 4137 543 4215 spirituli
554 4139 588 4197 in
598 4141 800 4200 remissionem
813 4142 946 4200 omnium
959 4148 1155 4218 peccatorum,
1168 4144 1205 4198 ut
1220 4140 1365 4206 habeatis

148 4232 243 4291 vitam
257 4237 398 4290 aeternam
414 4230 457 4313 [ot
470 4234 723 4318 vivatis—MSS]
738 4237 771 4294 in
784 4238 890 4296 saeculo
904 4237 1086 4296 soeculorum.
1129 4236 1244 4296 Amen.

189 4328 323 4389 Oramus.
347 4329 502 4390 Benedicti
511 4331 742 4406 sitisaDomino,
749 4334 802 4410 qui
812 4337 923 4393 creavit
931 4335 1078 4393 mundum
1087 4352 1125 4393 ex
1135 4332 1234 4393 nihilo
1240 4354 1250 4410 3
1266 4341 1365 4417 quiin

148 4427 294 4486 'liinitatc
301 4427 512 4505 perfecnvivit
520 4434 551 4488 et
558 4431 750 4508 regnatDeus
757 4451 811 4509 per
818 4433 918 4491 omnia
928 4432 1033 4492 saeculo
1043 4431 1226 4492 saeculorum.
1244 4435 1364 4500 Amen.
