2962 4928
459 324 624 391 Manuale
639 325 803 390 eduam
817 325 952 391 Surum.
1246 331 1306 393 29*

103 492 203 550 omnia
224 492 420 568 primogenita
440 492 496 549 tibi
516 491 554 550 de
575 491 687 549 mundo
707 490 868 562 redemisti,
883 498 914 548 et
927 498 1013 549 nocte
1027 492 1079 549 illa
1093 510 1179 550 omne
1199 492 1305 568 primo-

102 574 238 651 genitum
259 573 291 630 in
303 573 438 649 AEgypto
455 577 608 649 percutere
629 572 802 649 praecepisti,
818 590 939 629 servans
960 572 1103 649 populum
1126 580 1213 629 tuum
1234 573 1304 650 agni

102 654 246 730 sanguine
259 660 475 730 praenotatum5
496 652 627 730 dignere,
639 652 769 711 Domine
782 652 866 709 Deus
879 652 1074 729 omnipotens,
1085 652 1304 733 beneffldicere
1325 690 1334 703 ·

102 738 133 791 et
146 731 378 812 sanctifflticare
391 733 445 790 has
458 752 568 804 carnes,
583 738 619 790 ut
632 733 801 809 quicunque
820 752 859 790 ex
879 733 989 809 populo
1011 739 1065 790 tuo
1086 732 1166 791 fideli
1187 753 1226 791 ex
1244 733 1304 791 illis

102 814 291 885 comederint,
308 814 389 870 omni
410 813 614 871 benedictione
634 813 744 870 caelesti
757 804 788 871 ei
801 813 898 889 gratis
918 820 972 870 tua
991 815 1117 871 saturati
1134 814 1304 890 repleantur

101 895 135 952 in
152 894 295 966 bonitate,
316 894 376 951 Per
397 912 486 970 quem
507 891 569 951 haec
591 893 698 965 omnis,
718 892 857 965 Domine,
878 892 997 950 condita
1019 899 1090 952 sunt
1111 900 1143 951 et
1158 895 1196 951 ab
1217 894 1304 951 initio

100 980 208 1045 ereata,
231 974 369 1032 Salvator
389 973 512 1032 muudi:
538 973 599 1043 Qui
620 992 725 1051 regnas
747 992 815 1030 cum
837 973 940 1032 eodem
961 973 1040 1031 Filio
1060 980 1114 1031 tuo
1134 975 1167 1031 in
1187 975 1304 1033 unitate

104 1054 234 1130 Spiritus
249 1054 357 1111 Sancti.

165 1133 200 1190 H
199 1135 225 1192 ic
238 1142 413 1210 caperentur
425 1154 507 1209 equo
519 1134 666 1193 eandida
679 1152 766 1210 super
779 1152 879 1192 carries
893 1142 919 1193 et
932 1143 1031 1193 cetero.

136 1347 398 1406 snunnrorio
420 1346 589 1420 casare,
612 1346 746 1418 cassi,
768 1347 942 1421 surim,
965 1348 1153 1408 ovosun
1174 1349 1273 1407 srvu

412 1452 721 1511 Pasnnnsnun
741 1451 792 1509 ns
814 1452 995 1511 essens.

164 1601 242 1659 Ocno
256 1601 404 1658 Dominus
418 1601 568 1658 vobiscum
582 1610 608 1659 et
623 1601 756 1658 Oremus.
802 1599 911 1659 Oratio.

165 1681 293 1738 Domine
304 1681 386 1739 Deus
396 1681 592 1757 omnipotens,
604 1681 656 1757 qui
670 1680 767 1738 fecisti
781 1687 812 1738 et
825 1681 932 1738 creasti
945 1686 1052 1739 cuncta
1060 1680 1232 1739 viventibus
1245 1687 1306 1739 tuso

102 1761 249 1839 largitatis
269 1762 449 1833 alimoniam,
464 1762 686 1838 humanumque
707 1780 800 1837 genus
822 1760 1025 1836 spiritualibus
1047 1761 1119 1818 escis
1139 1781 1173 1818 ac
1193 1762 1306 1837 poculis

102 1848 222 1899 tuorum
240 1848 454 1917 praceptorum
473 1842 657 1916 terrenisque
677 1841 852 1897 substantiis
873 1847 994 1897 tuorum
1014 1840 1160 1897 donorum
1177 1842 1305 1898 indesin-

103 1928 188 1979 enter
200 1922 313 1993 reficis;
333 1928 365 1978 te
379 1921 611 1996 omnipotentem
633 1920 732 1977 Deum
752 1920 861 1977 obnixe
881 1920 1019 1995 petimus,
1035 1925 1071 1976 ut
1087 1920 1149 1976 haec
1162 1921 1239 1977 done
1252 1928 1306 1978 tua

103 2001 206 2072 earnis,
223 2002 307 2072 casei,
323 2000 435 2075 butyri,
450 1999 498 2056 vel
511 2018 635 2056 ovorum
656 2000 718 2056 sive
731 2000 934 2075 cujuscunque
949 1999 1072 2056 alterius
1086 1999 1152 2069 cibi,
1168 2019 1257 2075 quem
1270 2007 1306 2058 tu
1381 2043 1386 2052 .

103 2081 166 2155 ipse
179 2082 285 2137 creasti
306 2086 337 2137 et
355 2080 442 2136 nobis
463 2079 590 2149 donasti,
605 2085 747 2154 perpetua
766 2077 902 2154 claraque
922 2079 1106 2155 benignitate
1126 2081 1307 2139 sanctificare

104 2179 138 2217 ac
151 2158 371 2239 beneffldicere
384 2158 522 2234 digneris.
566 2157 765 2215 vescentibus
779 2177 818 2214 ex
831 2158 874 2215 eis
893 2158 1006 2234 largam
1019 2166 1079 2215 tuae
1094 2158 1307 2219 benedictionis

104 2239 262 2296 sanitatem
289 2240 322 2295 in
349 2238 512 2295 visceribus
539 2256 641 2294 eorum
669 2237 829 2294 clementer
856 2238 973 2307 colloca,
999 2245 1029 2295 et
1056 2240 1209 2314 praesentis
1235 2242 1306 2299 vitae

104 2320 275 2396 sospitatem
316 2325 347 2375 et
387 2319 496 2374 suturae
538 2316 753 2375 beatitudinem
795 2317 1023 2375 misericorditer
1062 2318 1192 2395 indulge.
1249 2321 1308 2378 Per

105 2400 278 2457 Dominum.

165 2480 280 2537 Deimle
294 2487 428 2555 usperpcu
441 2476 582 2536 Sacerdos
594 2497 705 2552 aquaem
719 2477 903 2536 benedictam.

118 2700 382 2760 BENEDIOTIO
404 2698 626 2757 NOVORUM
648 2696 894 2756 FRUOTUUM
916 2696 1296 2770 QUORUMOUNQUE.

166 2851 244 2911 Cum
258 2850 405 2908 Dominus
419 2849 610 2906 vobiscumet
624 2846 758 2905 Oremus,
803 2847 913 2906 Oratio.

165 2932 303 3002 Domine,
328 2936 429 2988 sancte
456 2929 554 3001 Pater,
580 2928 767 3004 omnipotens
791 2934 901 2985 aeterne
929 2928 1021 2999 Deus,
1047 2929 1100 3006 qui
1127 2929 1306 2989 benedixisti

104 3013 234 3088 quinque
258 3032 348 3088 panes
371 3012 403 3068 in
426 3010 542 3068 deserto
564 3017 594 3066 et
618 3009 693 3066 duos
716 3009 818 3084 pisces,
833 3008 912 3066 unde
933 3010 1059 3067 saturati
1080 3016 1152 3068 sunt
1173 3012 1306 3088 quinque

103 3093 197 3150 millia
211 3092 384 3164 hominum,
405 3091 446 3148 sic
459 3088 679 3169 beneffldicere
693 3095 723 3146 et
743 3090 925 3147 sanctificare
941 3089 1069 3166 digneris
1083 3090 1163 3148 hunc
1176 3092 1307 3149 fructum

104 3193 191 3248 quem
205 3173 365 3249 accipinius
385 3171 418 3241 in
438 3177 491 3229 tuo
511 3177 613 3228 sancto
632 3169 752 3227 nomine
776 3176 807 3226 et
829 3170 901 3226 Filii
915 3171 961 3226 tui
982 3170 1107 3228 Domini
1124 3174 1219 3229 nostri
1231 3174 1306 3231 Jesu

105 3253 225 3322 Christi,
247 3253 355 3328 utqui
376 3251 556 3327 sumpserint
570 3269 608 3307 ex
632 3269 666 3306 eo
689 3249 835 3324 accipiant
849 3250 1036 3307 saturitatem
1060 3253 1178 3322 mentis,
1193 3260 1305 3328 protec-

104 3334 216 3390 tionem
236 3333 374 3408 corporis,
388 3333 514 3389 tutelam
534 3330 647 3399 salutis,
663 3330 851 3386 securitatem
870 3331 942 3405 spei,
956 3331 1222 3388 corroborationem
1237 3333 1307 3390 fidei

105 3420 136 3470 et
157 3413 353 3470 aternitatem
375 3412 504 3488 Spiritus
527 3410 635 3467 Sancti.
684 3409 743 3467 Per
764 3409 890 3466 eundem
912 3408 1083 3469 Dominum.
1129 3411 1167 3467 In
1189 3413 1307 3469 unitate

106 3494 245 3569 ejusdem.

166 3575 227 3631 Hic.
240 3582 413 3650 caperentur
426 3592 506 3647 aqua
521 3569 674 3629 benedicta.

173 3784 434 3841 BENEDIOTIO
455 3783 518 3841 AD
540 3781 687 3840 OMNIA
708 3780 994 3853 QUAEOUNQUE
1016 3734 1242 3844 VOLUEsls.

168 3931 246 3990 Cura
261 3930 409 3988 Dominus
423 3929 575 3988 vobiscum
589 3939 615 3988 ct
629 3929 761 3989 Oremua
807 3930 916 3990 Oratio.

167 4011 291 4070 Creator
316 4017 349 4069 et
374 4017 563 4068 conservator
589 4010 712 4068 humani
738 4012 862 4087 generis,
891 4012 978 4069 dator
1004 4014 1107 4090 gratiae
1134 4013 1306 4089 spiritualis,

105 4092 230 4169 largitor
257 4099 375 4149 aterna
403 4091 515 4162 salutis,
539 4096 581 4162 tu,
605 4091 742 4163 Domine,
764 4092 851 4148 mitte
880 4091 1025 4168 Spiritum
1053 4093 1194 4151 Sanctum
1222 4102 1310 4154 tuum

105 4192 194 4250 super
215 4173 291 4229 hanc
315 4177 480 4230 creaturam
501 4171 553 4244 N,
576 4178 611 4228 ut
620 4179 735 4229 armata
754 4171 868 4229 virtute
888 4172 1012 4230 caelestis
1036 4173 1223 4247 defensionis,
1243 4178 1308 4252 qui·

105 4273 221 4329 cunque
245 4273 284 4310 ex
307 4272 342 4310 ea
364 4253 559 4328 gustaverint,
580 4253 715 4329 proficiet
738 4251 799 4309 illis
825 4252 863 4309 ad
887 4253 1022 4325 salutem,
1045 4260 1159 4312 ettam
1179 4259 1309 4333 corporis

106 4354 196 4410 quam
209 4334 316 4391 animae
326 4332 470 4409 recipiant
483 4334 649 4391 sanitatem.
693 4332 752 4389 Per
765 4332 936 4391 Dominum.

167 4415 226 4473 llic
240 4423 414 4491 oaperpetur
426 4433 507 4490 aquo
520 4413 669 4473 benedicta
682 4432 769 4489 super
782 4433 823 4473 ea.
