3022 4966
192 909 449 997 ORDINBS
474 907 557 992 AD
585 904 943 993 FAOIBNDUM
972 898 1311 988 SPONSALIA.

738 1327 768 1393 1.

211 1501 331 1561 FROM
351 1501 438 1561 THE
458 1501 717 1562 PONTIFIOAL
738 1500 792 1562 OF
811 1497 1097 1561 AROHBISHOP
1117 1496 1292 1558 EGBERT.

661 1663 839 1722 sansana

212 1744 315 1803 Oratio
329 1743 526 1801 Matrimonii.

211 1824 374 1883 Benedicat
386 1843 439 1881 vos
453 1822 610 1895 Dominus,
620 1829 652 1881 et
661 1823 809 1882 custodiat
820 1842 873 1881 vos
883 1822 1029 1892 Christus,
1043 1819 1238 1895 ostendatque
1251 1817 1353 1875 Domi-

149 1923 208 1964 nus
224 1904 343 1962 vultum
363 1922 451 1960 suum
471 1902 509 1960 ad
526 1921 589 1972 vos,
605 1909 636 1961 et
652 1903 704 1960 det
720 1902 805 1960 vobis
822 1921 932 1979 pacem,
947 1901 1128 1979 impleatque
1145 1918 1198 1957 vos
1216 1896 1352 1956 Christus

149 1984 233 2043 omni
245 1983 449 2041 benedictione
462 1982 589 2059 spiritali
599 1982 632 2040 in
641 1982 843 2041 remissionem
857 1989 1051 2059 peccatorum,
1061 1981 1095 2039 in
1104 1981 1199 2038 vitam
1213 1982 1354 2036 aeternam

151 2064 185 2121 in
198 2063 305 2121 saecula
317 2061 497 2122 saeculorum.

211 2143 291 2201 Alia

213 2223 346 2300 Respice,
365 2223 503 2296 Domine,
517 2223 555 2281 de
572 2223 643 2281 ooelo
659 2241 748 2302 super
763 2223 841 2283 hanc
859 2221 1095 2296 conventionem,
1114 2226 1206 2299 atque
1221 2223 1353 2279 sancum

152 2301 329 2380 dignamque
343 2311 426 2362 tuam
440 2302 675 2363 benedictionem
687 2323 776 2383 super
788 2323 838 2364 eos
851 2303 1004 2382 profunde.

212 2384 292 2443 Alia.

212 2464 374 2524 Benedicat
387 2484 440 2523 vos
456 2464 547 2524 Pater
563 2472 594 2524 et
613 2464 710 2525 Filius
722 2472 754 2526 et
771 2465 901 2544 Spiritus
922 2466 1056 2540 Sanctus,
1071 2465 1124 2543 qui
1140 2464 1239 2525 trinus
1258 2465 1305 2520 est
1321 2459 1352 2517 in

150 2565 275 2605 numero
288 2552 319 2605 et
332 2565 410 2604 unus
423 2546 455 2604 in
469 2546 596 2606 nomine.

212 2626 377 2687 Benedictio
391 2625 521 2688 tltolami.
1300 2675 1307 2689 .

212 2707 350 2781 Benedic,
369 2707 505 2781 Domine,
521 2706 685 2767 thalamum
702 2706 767 2780 hoc,
787 2715 818 2768 et
835 2727 937 2767 omnes
957 2706 1126 2767 habitantes
1147 2706 1180 2765 in
1201 2727 1245 2781 eo,
1263 2707 1353 2766 utin

149 2808 249 2847 amore
268 2795 321 2847 tuo
338 2787 444 2848 vivant
461 2794 493 2848 et
508 2795 662 2847 mnesoant
678 2794 707 2847 et
724 2788 964 2866 multiplicentur
976 2789 1010 2847 in
1024 2787 1211 2867 longitndine
1227 2787 1350 2848 dierum.

151 2869 210 2928 Per
224 2870 397 2928 Dominum.

211 2949 290 3008 Ala.
985 3018 987 3023 y

212 3029 351 3102 Benedio,
370 3030 506 3105 Domine,
528 3031 601 3090 istos
620 3029 861 3103 adolescentulos,
881 3030 960 3090 sicut
980 3030 1159 3091 benedixisti
1178 3029 1302 3089 'l'obiam
1322 3038 1354 3089 et

151 3111 269 3170 Sanam
283 3112 376 3170 filium
395 3111 557 3190 Raguelis:
580 3112 625 3170 ita
637 3111 809 3172 benedicere
826 3111 965 3189 digneris,
981 3113 1119 3185 Domine,
1135 3118 1171 3170 ut
1187 3111 1220 3169 in
1234 3111 1353 3170 nomine

149 3198 204 3250 tuo
222 3193 328 3250 vivant
345 3198 377 3250 et
394 3199 546 3252 senescant
558 3198 590 3250 et
607 3192 845 3271 multiplicentur
861 3194 894 3250 in
912 3193 1097 3271 longitndine
1118 3192 1244 3250 diemm.
1285 3190 1351 3250 Per.

212 3271 377 3330 Benedictio
391 3273 504 3330 annuli,

213 3351 336 3408 Creator
349 3356 380 3408 st
393 3359 581 3410 conservator
593 3351 718 3410 humani
730 3351 853 3428 genesis,
864 3351 951 3410 dator
962 3353 1065 3430 gratita
1079 3351 1229 3431 spiritalis,
1245 3355 1355 3408 aeterne

151 3432 245 3569 geue,
260 3436 295 3487 tu
316 3430 455 3506 permitte
472 3430 620 3509 Spiritum
637 3431 780 3489 Sanctum
798 3430 981 3490 Pamclitum
997 3453 1086 3510 super
1103 3433 1182 3491 hunc
1199 3429 1353 3489 annulum.

179 3530 218 3569 er.

215 3589 381 3648 Bermls'ctio
395 3589 466 3650 lecti.

215 3669 353 3742 Benedic,
367 3670 503 3744 Domine,
517 3669 629 3729 lectum
646 3671 746 3745 istum,
760 3678 792 3730 ct
808 3690 910 3729 omnes
926 3671 1096 3731 habitantes
1111 3672 1145 3730 in
1159 3692 1203 3746 eo,
1217 3681 1253 3733 ut
1269 3674 1355 3735 sitin

154 3750 196 3809 eis
217 3750 359 3808 sanctitas
378 3760 409 3810 et
428 3752 549 3811 castitas
565 3758 596 3810 ct
616 3751 724 3811 lenitas
744 3757 775 3811 st
792 3750 947 3829 plenitudo
963 3750 1036 3829 legis
1053 3759 1085 3810 et
1104 3753 1271 3814 obedientia
1290 3756 1356 3816 Deo

154 3830 240 3889 Patri
254 3837 285 3888 et
299 3829 425 3907 Spiritui
438 3832 546 3891 Sancto
561 3832 647 3912 (sic).
690 3831 755 3892 Per.

216 3910 377 3970 Benedicat
397 3919 427 3971 te
448 3913 530 3972 Deus
547 3912 646 3988 Pater,
661 3921 745 3973 sanet
759 3919 790 3972 ta
811 3911 870 3971 Dei
891 3910 995 3984 Filius,
1009 3910 1159 3970 illuminet
1175 3918 1205 3973 te
1226 3915 1357 3993 Spiritus

155 3992 290 4064 Sanctus,
306 4011 410 4070 corpus
425 3999 513 4051 tuum
530 3993 686 4067 custodiat,
701 3994 832 4052 animam
844 3998 929 4051 tuam
942 3991 1046 4064 salvet,
1061 4011 1112 4050 cor
1124 3998 1210 4051 tuum
1223 3995 1356 4068 irradiat,

155 4091 272 4131 sensum
287 4079 373 4130 tuum
387 4074 504 4148 dirigat,
519 4079 550 4132 at
563 4074 601 4133 ad
615 4093 773 4151 supernam
785 4073 877 4131 vitam
893 4078 924 4130 te
936 4071 1085 4149 perducat.
1128 4071 1193 4131 Per.

218 4152 390 4212 Benedictio
404 4152 528 4211 Domini
540 4153 580 4211 sit
593 4174 680 4231 super
692 4172 816 4212 uxorem
830 4160 923 4224 tuam,
938 4158 969 4210 et
983 4171 1071 4229 super
1083 4159 1221 4229 parantes
1233 4161 1357 4227 vestros,

156 4240 191 4291 ut
206 4233 331 4292 videatis
345 4233 422 4291 filios
436 4238 550 4290 vestros
563 4239 594 4292 et
613 4234 689 4292 filios
706 4233 835 4292 filiorum
851 4239 1017 4290 vestr-onam
1035 4250 1128 4308 usquo
1146 4232 1179 4289 in
1192 4234 1314 4293 certina
1326 4243 1358 4294 et

157 4321 292 4390 quartam
312 4312 542 4389 generationem,
556 4319 588 4370 et
604 4314 644 4372 sit
663 4332 762 4372 semen
779 4320 911 4372 vestrum
930 4311 1119 4370 benedictum
1136 4331 1154 4369 a
1172 4311 1237 4371 Deo
1256 4314 1358 4386 Israel,

156 4393 208 4470 qui
222 4399 326 4470 regnat
340 4395 370 4452 in
385 4390 493 4451 saecula
504 4393 688 4452 sseculonnn.
728 4394 836 4453 Amen.
