3022 4966
463 340 553 410 ordo
575 341 623 408 od
646 339 871 409 Visitusdam
892 339 1091 427 Iafiasnum.

335 524 378 581 Et
391 523 470 582 filius
484 523 653 601 iniquitatis
666 542 727 580 non
741 527 872 600 apponat
885 541 991 581 nocere
1003 521 1040 580 ei.

336 620 484 679 Dominus
498 626 651 678 conservet
665 638 734 677 eum
748 625 778 677 et
792 619 925 676 vivificet
937 637 1006 676 eum
1020 639 1028 676 τ

334 718 377 775 Et
397 719 517 775 beatum
537 717 627 774 sucht
647 717 761 774 eumin
775 723 863 789 terra,
879 721 910 774 et
923 734 985 773 non
998 713 1100 774 trudat
1116 733 1186 774 sum
1203 713 1237 774 in
1253 713 1388 774 animm

418 813 608 872 inimicorum
622 814 695 888 ejus.

335 911 483 969 Dominus
496 930 581 987 opem
595 909 672 968 ferat
685 908 732 966 illi
745 908 958 986 superlectum
971 908 1082 967 doloris
1096 909 1161 986 ejus
1174 930 1181 969 :

337 1006 522 1067 Universum
536 1013 663 1065 stratum
677 1007 742 1082 ejus
755 1005 881 1063 versasti
894 1006 927 1062 in
940 1004 1116 1064 infirmitate
1128 1005 1200 1083 ejus

337 1104 411 1163 Esto
424 1105 461 1176 ei,
476 1104 614 1175 Domine,
628 1103 722 1161 turris
735 1101 940 1160 fortitudinis:

338 1201 370 1259 A
384 1201 459 1259 facie
472 1201 595 1258 inimici.

335 1296 465 1357 Domine
479 1298 561 1355 Deus
575 1296 734 1368 virtutum,
749 1302 890 1355 converte
903 1316 966 1358 nos

339 1395 382 1453 Et
395 1395 517 1454 ostende
530 1394 762 1453 misericordiam
776 1400 870 1465 tuam,
885 1400 917 1452 et
930 1393 1006 1452 salvi
1019 1392 1137 1453 erimus.

340 1493 479 1565 Domine,
495 1491 604 1549 exaudi
617 1490 784 1550 orationem
798 1510 896 1549 meam
910 1512 916 1550 :

340 1591 382 1650 Et
394 1592 505 1650 clamor
517 1610 600 1649 meus
613 1589 652 1648 ad
665 1596 697 1648 te
709 1590 818 1648 veniat

340 1687 488 1746 Dominus
502 1687 663 1745 vobiscum.
704 1686 746 1744 Et
759 1706 827 1745 cum
840 1686 950 1764 spiritu
963 1693 1024 1746 tuo.

241 1817 375 1876 Oremus.
424 1817 532 1876 Oratio.

239 1913 369 1973 Domine
392 1913 486 1986 Deus,
501 1913 553 1990 qui
576 1933 629 1990 per
652 1914 818 1991 apostolum
832 1920 920 1973 tuum
933 1916 955 1974 J
956 1916 1081 1974 aoobum
1094 1914 1212 1974 locutus
1223 1933 1256 1974 es
1268 1915 1385 1975 dicem:

179 2013 357 2072 Infirmatur
376 2012 443 2088 quis
463 2030 501 2069 ex
522 2011 616 2084 vobis,
630 2011 753 2072 inducat
773 2013 960 2090 presbyteros
980 2013 1128 2079 Ecclesia.
1149 2018 1181 2071 et
1200 2018 1287 2071 orent
1299 2031 1389 2092 super

180 2129 256 2182 sum,
267 2114 412 2187 ungentes
422 2129 491 2168 eum
505 2109 569 2168 oleo
583 2116 686 2167 saneto
698 2110 731 2167 in
745 2111 866 2169 nomine
877 2111 1008 2184 Domini,
1023 2117 1056 2169 et
1068 2110 1164 2169 oratio
1177 2110 1246 2169 fidei
1260 2109 1390 2169 salvabit

180 2207 340 2279 infirmum,
355 2213 386 2265 et
405 2207 548 2266 allevabit
568 2226 637 2265 eum
658 2206 815 2279 Dominus,
837 2214 868 2265 et
888 2208 914 2266 si
934 2208 967 2266 in
988 2207 1117 2285 moestis
1132 2207 1181 2281 sit,
1195 2207 1389 2267 dimittentur

180 2304 209 2364 si
219 2325 229 2378 3
248 2325 328 2379 cura,
342 2324 520 2382 quesumus,
535 2304 705 2381 redemptor
717 2310 828 2376 noster,
843 2305 940 2381 gratia
960 2305 1064 2362 Sancti
1083 2304 1214 2382 Spiritus
1233 2303 1390 2383 languores

180 2400 268 2460 istius
290 2401 404 2459 infirmi
427 2401 528 2460 fratris
554 2400 649 2460 nostri
673 2400 724 2470 N,
746 2406 777 2458 et
798 2420 852 2458 sua
880 2420 952 2459 sans
975 2400 1107 2477 vulnera,
1129 2400 1251 2480 ejusque
1270 2400 1391 2460 dimitte

180 2503 300 2574 peccata
313 2504 403 2574 atque
417 2497 531 2556 dolores
544 2503 666 2555 cunctos
679 2496 775 2555 contis
789 2503 820 2554 et
833 2496 963 2573 corporis
976 2497 1015 2555 ab
1028 2517 1063 2556 eo
1076 2497 1199 2575 expelle,
1213 2498 1391 2576 plenamque

181 2593 209 2652 ei
232 2594 359 2652 interius
386 2594 577 2670 exteriusque
604 2593 764 2651 sanitatem
787 2593 912 2650 restitue
924 2612 933 2665 3
960 2598 997 2650 ut
1018 2611 1073 2670 ope
1096 2592 1304 2653 misericordiis
1329 2599 1391 2652 tun

182 2698 303 2749 sanatus
317 2689 355 2747 sd
366 2690 492 2766 pristina
502 2689 621 2765 pietatis
630 2696 689 2747 tuoe
698 2697 852 2766 reparetur
862 2689 964 2748 officia
998 2690 1056 2748 Per
1064 2689 1217 2750 Christum
1226 2690 1391 2750 Dominum

182 2794 327 2850 nostrum.
370 2786 478 2843 Arnen.

245 2899 378 2956 Oremus.
424 2896 533 2955 Oratio.

246 2995 442 3071 Omnipotens
462 2994 639 3070 sempiterne
653 2995 745 3068 Deus,
761 2996 813 3073 qui
829 2996 971 3055 subvenis
984 2996 1016 3054 in
1030 2997 1168 3074 periculis
1181 2997 1258 3057 etin
1270 2999 1393 3059 neceni·

183 3099 248 3152 tate
271 3091 484 3163 laborantibus,
508 3092 694 3167 majestatem
715 3098 800 3150 tuam
827 3093 1000 3170 suppliciter
1022 3113 1188 3168 exoramus,
1209 3100 1246 3153 ut
1272 3095 1393 3155 mittere

184 3190 314 3269 digneris
340 3196 476 3248 sanctum
502 3189 641 3265 angelum
667 3196 756 3248 tuum
784 3190 976 3267 Raphaelem,
997 3193 1050 3268 qui
1076 3191 1222 3251 famulum
1249 3197 1338 3252 tuum
1359 3192 1393 3252 in

184 3289 329 3367 angristiis
342 3294 374 3346 et
386 3288 419 3345 in
433 3287 657 3347 necessitatibus
671 3289 856 3346 laborantem
876 3289 1128 3349 consolationibus
1141 3289 1270 3363 attollet,
1283 3290 1394 3368 quibus

183 3391 215 3444 et
234 3386 271 3444 de
284 3384 423 3463 prasenti
443 3390 640 3461 consequatur
652 3384 800 3442 auxilium
820 3390 851 3442 et
871 3392 983 3444 aetsrna
1002 3385 1133 3445 remedie
1152 3385 1392 3464 comprehendat.

184 3481 244 3541 Per
258 3483 410 3541 Christum
425 3482 590 3541 Dominum
603 3488 749 3541 nostrum.
792 3483 900 3541 Amen.

244 3606 379 3665 Oramus.
423 3604 534 3665 Oratio.

243 3704 334 3776 Deus,
349 3704 401 3781 qui
412 3703 523 3762 famulo
536 3709 590 3760 tuo
605 3700 738 3760 Ezechioe
748 3707 796 3760 ter
809 3700 917 3779 quinos
931 3720 1024 3760 annos
1037 3701 1076 3760 ad
1089 3702 1185 3762 vitam
1198 3703 1336 3778 ‹lonasti5
1349 3705 1395 3764 it·

183 3806 215 3859 et
222 3799 303 3859 hunc
312 3800 457 3857 famulum
470 3806 558 3857 tuum
572 3818 591 3855 a
599 3798 676 3857 lecto
690 3797 876 3874 agritudinis
886 3804 940 3855 tua
952 3799 1088 3875 potentis
1101 3799 1197 3878 erigat
1205 3799 1243 3858 ad
1254 3799 1392 3860 salutem.

184 3896 245 3962 Per
258 3895 411 3955 Christum
425 3896 589 3954 Dominum
607 3901 751 3954 nostrum
794 3895 903 3955 Amen

245 4016 380 4073 Oremus.
424 4013 535 4073 Oratio.

245 4110 379 4189 Respice,
395 4110 533 4183 Domine,
548 4110 694 4170 famulum
707 4117 795 4172 tuum
808 4113 841 4172 in
854 4113 1030 4174 infirmitate
1049 4114 1098 4175 sui
1111 4115 1241 4194 corporis
1259 4116 1397 4180 laboran-

183 4219 255 4283 tem,
278 4214 310 4266 et
335 4207 465 4265 animam
496 4207 596 4266 refove
621 4229 711 4286 quam
732 4212 838 4269 creasti
849 4232 859 4285 3
892 4219 928 4270 ut
952 4213 1198 4290 castigationibus
1219 4215 1397 4279 emendatus

181 4304 325 4365 continuo
345 4323 376 4362 so
396 4303 508 4364 sentiat
527 4311 582 4364 tua
601 4306 750 4367 medicina
770 4309 925 4370 salvatum.
969 4310 1030 4370 Per
1051 4310 1207 4372 Christum
1227 4311 1397 4377 Dominum

184 4407 327 4467 nostrum.
370 4401 479 4462 Amen.
