3022 4966
484 287 573 354 ora
594 288 641 353 aa
657 288 822 376 faama
843 289 1034 377 spatiata.
1275 243 1279 252 ¹
1319 298 1360 362 so

214 467 328 546 Oorpus
341 468 466 528 Domini
484 470 580 527 nostri
592 469 615 528 J
616 489 668 528 osu
686 469 800 530 christi
812 471 854 530 sit
867 472 943 530 mihi
963 474 1128 532 remedium
1148 475 1362 552 sempiternum

152 566 185 625 in
199 565 293 624 vitam
308 574 458 626 aternam.
500 568 608 627 Amen.

213 663 340 741 Sanguis
353 665 477 723 Domini
490 666 585 722 nostri
598 665 621 724 J
622 685 674 724 esu
688 664 802 724 christi
821 672 977 725 conservet
989 685 1038 726 me
1050 667 1083 725 in
1098 668 1193 726 vitam
1207 675 1358 729 aetornam.

155 763 265 821 Amen.

214 856 329 934 Corpus
341 863 373 915 et
386 856 514 934 Sanguis
526 856 652 916 Domini
665 860 760 916 nostri
770 859 792 919 J
793 879 845 917 esu
856 859 970 918 christi
980 860 1129 920 custodiat
1143 881 1249 939 corpus
1263 883 1362 923 meum

152 968 184 1020 et
196 961 327 1020 animam
341 982 437 1019 meam
451 962 485 1018 in
497 961 593 1018 vitam
606 963 757 1016 aternam.
798 958 907 1017 Amen.

214 1068 301 1138 Quod
314 1089 365 1127 ore
378 1069 566 1144 sumpsimus,
581 1065 719 1136 Domine,
741 1082 816 1140 puro
828 1069 929 1121 monte
948 1063 1099 1140 capiamus
1111 1083 1121 1136 ;
1143 1071 1175 1124 et
1189 1065 1226 1124 do
1239 1085 1362 1126 munero

151 1166 310 1241 temporali
322 1165 377 1222 fiat
389 1165 475 1221 nobis
488 1163 651 1222 remedium
665 1160 879 1236 sempiternum
891 1159 926 1216 in
938 1159 1034 1217 vitam
1052 1167 1207 1219 aternam.
1250 1163 1359 1222 Amen.
1382 1216 1388 1236 ,

212 1270 287 1329 Haec
307 1290 371 1342 nos,
393 1270 532 1342 Domine,
546 1266 714 1327 communio
733 1270 843 1343 purget
854 1285 874 1323 a
893 1264 1027 1338 crimine,
1040 1272 1073 1322 ot
1092 1265 1219 1324 caelestis
1238 1267 1362 1326 remedii

149 1366 242 1425 saciat
256 1387 318 1426 esse
332 1374 490 1427 consortes.
532 1365 592 1424 Per
605 1363 741 1423 cundem.

215 1470 398 1531 Communia.

213 1569 422 1627 Benedioimus
442 1568 541 1626 Deum
555 1566 620 1626 caeli
638 1571 669 1624 et
688 1583 788 1623 coram
808 1563 948 1622 omnibus
962 1563 1134 1624 viventibus
1154 1566 1362 1626 confitebimur

150 1667 178 1726 oi
193 1688 199 1725 :
221 1667 291 1744 quis
304 1666 375 1724 fecit
389 1666 541 1725 nobiscum
555 1661 788 1722 misericordiam
801 1680 894 1718 suam.

214 1771 457 1830 Postcommnnio.

213 1867 355 1926 Profioiat
374 1869 461 1926 nobis
479 1867 519 1925 ad
538 1866 666 1925 salutem
685 1864 793 1923 animm
807 1869 838 1922 et
858 1863 997 1939 corporis,
1013 1864 1142 1923 Domino
1163 1865 1255 1937 Deus,
1270 1866 1362 1944 hujus

151 1966 329 2023 sacramenti
362 1965 517 2040 susceptio,
553 1970 585 2021 et
617 1963 804 2039 sempiternae
837 1961 953 2019 Sancta
986 1960 1143 2021 Trinitatis
1171 1964 1362 2041 ejusdemque

152 2061 316 2119 individua
329 2062 456 2118 unitatis
470 2058 621 2117 confessio.

214 2164 287 2223 Atta
302 2164 403 2224 Oratio
420 2166 474 2224 sab
487 2184 551 2222 aaa
564 2163 752 2224 conclusione.

217 2263 403 2334 Quaesumus,
417 2263 604 2338 omnipotens
624 2260 715 2331 Deus,
729 2259 871 2319 instituta
890 2261 1085 2338 providentias
1106 2269 1166 2320 tues
1187 2282 1240 2340 pro
1259 2284 1361 2324 amore

154 2358 305 2431 comitare,
326 2366 361 2417 ut
381 2378 456 2435 quos
475 2358 608 2434 legitima
627 2356 766 2416 societate
784 2360 943 2434 connectis,
958 2359 1092 2438 longaeva
1111 2380 1183 2438 pace
1203 2362 1360 2423 custodias.

157 2456 216 2514 Per
229 2455 394 2514 Dominum
408 2463 552 2514 nostrum.

215 2561 340 2637 Propter
358 2561 578 2619 sollemnitatem
597 2559 688 2636 lajas
710 2562 886 2620 sacramenti
909 2563 957 2620 det
976 2562 1116 2622 Sacerdos
1137 2564 1361 2625 bendictionem

152 2679 221 2718 cnm
234 2658 327 2730 calice,
340 2667 366 2716 et
379 2657 510 2734 deposita
519 2657 620 2716 easnla
628 2658 708 2716 diam
718 2656 859 2717 Sacerdos
868 2680 956 2735 saper
966 2680 1012 2719 eos
1021 2670 1181 2736 sequentem
1189 2662 1358 2722 orationem.

214 2763 362 2821 Dominus
376 2763 537 2820 vobiscum.
579 2763 701 2820 Etcum
715 2762 823 2839 spiritu
838 2770 899 2821 tuo.
943 2764 1074 2822 Oremus

214 2869 350 2941 Domine,
361 2877 461 2926 sancte
471 2868 570 2941 Pater,
579 2869 766 2945 omnipotens
777 2875 887 2928 aeterne
896 2871 987 2942 Deus,
999 2877 1029 2928 tc
1038 2870 1184 2947 supplices
1194 2891 1360 2945 exoramus,

151 2973 188 3025 ut
201 2967 440 3044 conjunctionem
454 2965 634 3023 famulorum
648 2971 769 3024 tuorum
782 2974 836 3024 tua
852 2966 1104 3047 beneffidictione
1118 2968 1217 3026 fovere
1231 2970 1361 3046 digneris

151 3063 307 3141 propitius.
349 3062 403 3120 Ab
415 3063 467 3134 eis,
482 3081 660 3138 quaesumus,
674 3063 861 3139 omnipotens
872 3065 962 3134 Deus,
972 3064 1084 3122 inimici
1098 3065 1213 3122 insidias
1226 3072 1362 3124 avertan-

151 3167 219 3233 tur3
238 3165 271 3219 et
283 3160 473 3218 sanctitatem
487 3160 578 3217 etiam
588 3160 622 3216 in
634 3159 699 3236 ipso
713 3160 851 3237 conjugio
861 3160 1029 3233 imitentur,
1041 3162 1093 3237 qui
1107 3168 1160 3219 tua
1173 3162 1362 3238 providentis

152 3257 294 3333 conjungi
307 3263 489 3315 meruerunt.
532 3255 591 3315 Per
605 3256 758 3315 Christum
772 3257 936 3316 Dominum
950 3265 1093 3317 nostrum.
1135 3260 1244 3320 Amen.

572 3440 765 3500 Bnunniano
785 3440 940 3499 Tusceni.

215 3563 306 3624 Noeta
326 3583 391 3622 cero
413 3565 543 3640 sequenti
566 3584 633 3624 eom
654 3583 778 3641 apannis
804 3574 830 3623 et
853 3583 961 3639 marna
986 3563 1028 3622 ad
1048 3561 1152 3622 ledmn
1166 3563 1358 3639 pnnrnrrint,

153 3663 270 3721 accedat
283 3660 422 3720 Sacerdos
435 3671 461 3719 et
475 3662 621 3721 bersedicat
635 3661 807 3732 thalamum,
822 3660 935 3719 dicens:

215 3766 363 3825 Dominus
376 3768 537 3826 vobiscum.
581 3768 703 3825 Etcum
716 3766 825 3843 spiritu
838 3772 898 3825 tuo.
942 3764 1076 3824 Oramus.

216 3871 401 3953 Boneffidic,
418 3873 547 3932 Domino
561 3873 727 3931 thalamum
740 3871 820 3929 hunc
834 3878 864 3929 et
878 3890 979 3929 omnes
992 3871 1162 3930 habitantes
1175 3871 1208 3929 in
1221 3889 1265 3944 eo,
1278 3871 1359 3932 utin

153 3979 208 4029 tua
230 3991 301 4048 pace
321 3972 493 4042 consistant,
509 3978 540 4029 et
559 3971 590 4028 in
612 3976 666 4028 tua
686 3969 843 4028 voluntate
862 3977 1062 4046 permaneant,
1082 3974 1114 4026 et
1133 3969 1166 4025 in
1185 3988 1285 4028 amors
1304 3975 1359 4028 tuo

153 4068 261 4124 vivant
284 4074 315 4125 et
337 4074 491 4126 senescant
514 4072 546 4124 et
567 4066 805 4143 multiplicentur
821 4065 855 4123 in
878 4066 1095 4145 longitudinem
1116 4065 1240 4124 dierum.
1301 4066 1361 4126 Per

155 4161 309 4222 Christum
326 4165 491 4222 Dominum
503 4170 647 4222 nostrum.
690 4163 803 4221 Amen.

216 4267 331 4326 Deinde
351 4277 526 4345 asperantur
544 4266 693 4326 thalamus
712 4286 793 4343 aqna
814 4266 968 4339 benedictn,
991 4277 1017 4327 et
1037 4266 1157 4326 dicatur
1169 4265 1361 4344 Antiphone:

158 4365 308 4445 Aspergss
320 4383 376 4424 me
