3022 4966
541 285 715 374 Eacaceia
735 286 990 374 Defunctormm.
1323 294 1364 357 91

222 464 401 529 Notandum
427 476 469 527 cot
494 487 560 528 aera
586 469 665 545 qnod
691 469 825 529 onenibns
851 468 946 529 Fertis
971 490 1073 530 nooem
1098 471 1277 544 lectionem,
1305 478 1367 530 tam

161 562 341 641 Domlioibu
358 584 451 641 quam
468 564 667 642 Simplicibno,
681 573 709 625 et
728 565 828 625 diebus
848 565 919 625 alim
939 568 1045 643 qnibns
1068 568 1195 627 Phoebo
1213 577 1240 627 et
1260 568 1366 647 Dirige

129 712 132 717 .
161 680 224 721 non
231 660 377 721 dicamur
388 662 423 721 in
436 671 587 736 conventre,
601 663 679 722 debet
692 662 937 722 hebdomadariae
948 665 1081 724 matricis
1093 665 1213 724 malacia
1220 665 1365 741 priuatim

155 778 214 836 por
225 776 256 818 oo
267 766 337 819 orote
356 757 499 836 Vesperae,
514 760 591 819 sicat
611 761 711 819 debntt
730 779 828 819 omncs
841 760 986 838 capellani
998 763 1087 821 totins
1100 763 1262 840 provincia
1276 782 1366 839 pare

160 854 270 915 attans
281 854 412 915 cmleeiao
426 864 563 933 reeentce,
578 856 727 933 mseqaim
746 856 950 932 desnrntornm
970 859 1115 936 complere.
1160 860 1287 931 Quando
1300 880 1366 935 erqo

160 950 408 1013 tammonem
419 954 468 1013 clio
480 953 640 1013 Dominica
655 954 700 1012 uel
718 954 752 1011 in
765 954 860 1012 Fastis
872 974 973 1013 cionem
986 955 1158 1015 Lectionum
1171 956 1246 1015 dicct
1259 956 1364 1033 Dirige

160 1058 189 1109 ot
200 1049 339 1124 Placebo,
353 1050 428 1109 siin
443 1052 572 1110 crastino
583 1050 736 1126 ferialiter
755 1049 833 1109 delet
853 1051 914 1109 dici
932 1070 1024 1127 neqcm
1044 1053 1085 1111 ad
1106 1053 1224 1112 Latules
1248 1060 1364 1112 tonitam

159 1145 251 1221 dicat,
266 1155 294 1206 el
306 1146 342 1206 in
354 1148 482 1206 crastino
495 1156 564 1223 post
577 1148 748 1205 Matutinus
766 1148 907 1206 dicantur
919 1148 1038 1207 Landes
1050 1149 1085 1207 in
1098 1158 1239 1208 corruente
1258 1149 1365 1208 scilicet

161 1242 363 1316 Exultabunt,
377 1253 404 1303 ct
417 1253 516 1304 cetera.
559 1244 601 1303 Et
613 1244 641 1303 si
652 1244 688 1302 in
700 1245 829 1303 crastino
841 1266 902 1303 non
920 1244 1017 1304 ‹leleot
1037 1245 1099 1304 dici
1109 1245 1270 1321 ferialiter,
1284 1246 1364 1304 dicat

159 1340 222 1417 ipro
236 1340 484 1400 ltobdoneadarins
502 1342 620 1400 landes
638 1362 706 1400 cnm
726 1341 837 1419 Dirige.
880 1341 922 1398 Ec
940 1342 968 1399 si
988 1342 1050 1401 clieo
1069 1342 1163 1400 Imnoe
1173 1341 1280 1417 fecerit,
1295 1351 1363 1400 anto

165 1434 303 1515 Vcapcras
314 1438 428 1497 dicetur
437 1436 550 1516 Dirige,
562 1439 597 1496 in
609 1438 694 1497 clero
705 1458 773 1497 monn
782 1438 875 1497 tribas
885 1438 1076 1510 Lectionibus,
1087 1440 1193 1498 scilicet
1207 1438 1363 1515 Responde

159 1533 243 1608 mihi,
257 1543 285 1593 et
298 1542 411 1594 cetera:
432 1536 491 1593 Die
503 1536 616 1593 Martie
630 1536 759 1611 Spiritus
772 1555 855 1594 meus
868 1537 1082 1607 attenuabitur,
1094 1546 1120 1595 et
1134 1545 1231 1595 cetera.
1267 1536 1308 1593 Ilt
1321 1536 1363 1594 sic

159 1630 293 1709 dtincqn
299 1652 357 1709 pn·
368 1632 572 1709 aeptimanam.
615 1632 699 1691 Unde
712 1632 739 1690 ei
752 1631 870 1690 Festum
883 1632 928 1690 ccl
939 1631 1027 1690 Festa
1040 1632 1246 1691 intervenerint
1260 1631 1364 1691 niloile

159 1728 262 1787 minna
281 1728 412 1805 qualibet
433 1729 521 1789 tnrba
540 1730 654 1788 dicetur
673 1729 833 1788 secnndnm
853 1748 939 1786 nmrn
960 1728 1100 1788 Feriam:
1120 1730 1147 1787 si
1156 1729 1261 1805 prium
1275 1728 1362 1787 turba

158 1824 272 1884 dicetur
291 1833 355 1883 tam
374 1824 423 1883 elie
440 1824 563 1885 Sublati
583 1846 674 1901 qnam
694 1826 741 1884 dio
766 1825 943 1885 Dominica:
967 1835 993 1883 et
1013 1826 1054 1883 acl
1073 1826 1229 1901 qnanelibet
1244 1826 1361 1885 tnrbam

156 1920 271 1981 dicetur
289 1921 453 1981 Vereicnlns
460 1922 604 1999 proprius
615 1923 741 1999 mrrqnlis
753 1923 851 1981 Feriis
858 1946 871 1991 ‚·
891 1932 916 1982 et
930 1922 1069 1981 nltimam
1082 1924 1226 1998 siqnidem
1236 1924 1361 1999 lleapon-

155 2018 270 2077 oorinm
281 2038 392 2095 semper
403 2020 553 2096 repetitor,
568 2021 687 2095 qnerulo
693 2023 733 2095 fit
745 2018 795 2078 boc
809 2021 960 2078 servitium
973 2040 1039 2078 curn
1053 2039 1152 2077 nonmn
1166 2020 1358 2092 Lectionibus,

154 2122 183 2173 ot
195 2112 282 2173 aliter
294 2134 375 2185 non,
396 2115 458 2175 neci
470 2117 505 2174 in
518 2116 719 2190 Pascltalibns,
734 2117 853 2191 q-ecando
870 2120 911 2191 fit
935 2116 988 2173 lece
1007 2116 1158 2173 canitiem
1180 2135 1247 2173 cnm
1268 2116 1362 2175 tribue

154 2205 349 2287 lectionibus,
370 2214 449 2289 qnod
468 2213 546 2272 olias
557 2217 643 2289 ficret
662 2235 730 2272 cnm
750 2232 850 2270 reorum
871 2212 1074 2280 Lectionibus,·
1102 2211 1175 2285 qnia
1195 2220 1266 2269 tnnc
1284 2233 1360 2287 qna-

153 2326 269 2385 annqne
295 2310 415 2369 dicatur
442 2310 529 2369 larba
552 2331 661 2387 semper
683 2312 738 2369 erit
764 2309 902 2366 nltimam
924 2306 1159 2383 Respenominm,
1174 2307 1282 2365 Libera
1301 2328 1356 2382 nse,

154 2404 295 2478 Domine,
310 2406 347 2466 de
368 2414 472 2479 morte,
487 2417 513 2466 et
534 2416 633 2479 cetera,
648 2417 674 2465 ct
690 2406 886 2482 reincipietnr.
929 2404 1006 2463 Item
1025 2406 1144 2479 quotide
1157 2408 1197 2480 flt
1215 2406 1359 2480 qeneralin

151 2502 250 2563 mum
257 2523 315 2580 pro
328 2502 389 2563 ill-ie
408 2505 462 2580 qni
482 2487 660 2563 decesserant
676 2503 839 2562 insensilia
855 2502 994 2575 Ecclesia,
1010 2523 1119 2579 eerreper
1125 2506 1165 2578 fit
1179 2522 1245 2560 cum
1258 2523 1359 2562 novem

152 2598 348 2674 Lectionibus,
373 2610 400 2659 el
421 2601 463 2659 ad
487 2601 613 2659 Plaeebo
637 2610 755 2660 tnntnm
776 2622 840 2658 tina
865 2600 967 2659 Oratio
991 2601 1096 2659 scilicet
1124 2600 1290 2675 Fidelium3
1317 2602 1359 2660 od

153 2694 269 2775 Dirige,
282 2697 434 2772 Absolvej
455 2699 498 2756 nd
510 2698 628 2757 Lnndeo
640 2699 829 2772 Animabus;
850 2699 891 2756 acl
907 2698 1193 2758 Coninzcndntioncm
1206 2698 1357 2771 Absolve;

151 2794 216 2853 miei
237 2794 423 2872 acljnnqatnr
445 2796 541 2854 obitus
561 2795 694 2871 mercialis
713 2796 848 2870 yettcrnli.
904 2797 987 2855 Tnm
1009 2796 1121 2854 dicitnr
1149 2796 1251 2856 Oratio
1268 2798 1358 2873 prins

151 2901 313 2969 competent
331 2892 458 2970 speciali.
503 2893 630 2964 Quando
641 2897 682 2968 fit
696 2914 762 2951 cnm
777 2893 871 2951 tribus
888 2894 1071 2953 Lectionibus
1085 2895 1120 2952 in
1136 2895 1227 2965 clere,
1239 2905 1357 2971 practer-

151 3008 244 3065 qnam
256 2990 291 3048 in
304 2989 442 3049 Pasclanli
456 2999 588 3066 tempore,
599 2991 641 3049 sic
651 2991 827 3048 ordinentur
837 2990 967 3050 Oollectce
981 2993 1022 3050 ad
1037 2991 1170 3050 Placebo.
1208 2992 1357 3050 Fidelium

151 3084 236 3145 Deus
249 3087 402 3159 omnium
421 3088 464 3145 ad
477 3086 583 3164 Dirige
597 3087 734 3161 absolve3
754 3098 781 3147 et
795 3089 945 3148 Miserere.

213 3183 331 3257 ’Deua
352 3184 449 3242 venias
472 3184 597 3261 largitor
616 3191 647 3243 et
668 3185 805 3245 humanae
829 3187 934 3245 salutis
958 3193 1080 3257 amator,
1103 3205 1279 3263 quoesumus,
1300 3185 1355 3243 im-

151 3300 284 3341 mensam
303 3283 492 3342 clementiam
512 3290 605 3357 tuam,
621 3290 656 3342 ut
670 3290 776 3343 nostroe
797 3285 1031 3362 congreomstionis
1051 3284 1156 3340 fratres
1179 3289 1211 3340 et
1234 3301 1355 3354 sorores,

151 3383 207 3460 qui
229 3403 268 3442 ex
290 3383 347 3443 hoc
368 3385 474 3442 saeculo
499 3386 690 3458 transierunt,
710 3388 797 3444 besta
821 3382 920 3438 Maria
942 3399 1057 3455 semper
1079 3379 1194 3455 virgine
1217 3385 1249 3436 et
1269 3379 1355 3435 beate

150 3479 243 3539 Petro
265 3482 412 3558 Apostolo
433 3487 487 3540 tuo
514 3483 713 3541 intercedente
737 3499 805 3540 eum
832 3476 969 3535 omnibus
997 3474 1123 3546 Sanctis,
1143 3475 1182 3531 ud
1205 3478 1354 3550 perpetua

149 3576 345 3637 beatitudinis
358 3579 539 3637 consortium
553 3579 708 3656 pervenire
721 3573 870 3635 concedas.
913 3571 972 3629 Per
985 3569 1146 3629 Christum.

210 3674 253 3733 Ilt
264 3686 406 3752 aeqnatnr
419 3677 552 3736 Oramus.
597 3677 638 3737 Et
651 3676 688 3735 ab
701 3673 925 3734 hebdomadario
938 3669 1001 3727 alta
1014 3688 1084 3740 mcc,
1100 3676 1126 3726 et
1130 3666 1216 3742 sacto
1229 3666 1353 3737 silantia,

149 3768 271 3828 dioatnr
282 3790 303 3827 a
316 3768 442 3845 einqnlis
457 3769 579 3829 Oratio:

210 3865 301 3939 Deus,
331 3867 385 3944 qui
411 3887 465 3926 nos
491 3874 607 3945 patrem
634 3873 665 3923 et
692 3872 817 3923 matrem
844 3862 988 3920 honerare
1015 3859 1189 3937 praecepisti,
1216 3856 1354 3916 miserere

148 3960 310 4023 clementer
330 3964 486 4023 animabus
507 3971 627 4042 patrum
650 3969 681 4021 ct
704 3969 835 4021 matrum
858 3966 1037 4029 nostrerum,
1054 3977 1215 4034 eorumque
1236 3962 1354 4035 pecoma

148 4058 278 4133 dimitte,
293 4079 406 4139 noeque
419 4081 468 4120 ees
482 4062 515 4120 iu
528 4069 645 4120 aeternae
660 4060 804 4119 claritatis
816 4058 925 4136 gaudio
938 4057 984 4115 fac
997 4057 1105 4114 videre.

210 4156 280 4229 Qua
283 4158 388 4233 finita,
402 4159 482 4217 dicat
495 4158 740 4219 hebdomadariae
753 4157 816 4215 alta
829 4177 900 4215 eece.
944 4155 1054 4215 Oratio.

209 4250 303 4324 Dens,
330 4255 416 4331 cuijus
444 4255 631 4313 miseratione
657 4254 764 4312 enimse
792 4253 923 4312 fidelium
951 4254 1148 4330 requiescunt,
1177 4252 1297 4311 famulis
1322 4258 1353 4309 et

333 4382 346 4409 ⁸
362 4382 508 4443 Cambridge
518 4382 618 4429 tta-⁸⁸
626 4382 677 4429 lna
689 4381 807 4429 Orationes
816 4388 931 4443 sequentes
940 4387 991 4427 mut
1001 4396 1029 4429 ea
1038 4380 1173 4428 donatione-'⁸
