3022 4966
520 306 715 392 Benedictio
732 323 858 391 Fontis.

290 498 412 582 [Sancte
425 499 448 560 J
448 500 541 560 udoce
553 521 560 561 :
583 499 678 580 ora.]*

288 597 398 657 Sancto
410 597 531 657 Antoni
544 618 551 658 ε
572 617 633 656 ora.

288 694 397 754 Sancte
410 694 569 753 Hilarior:
590 712 650 752 ora
828 764 831 770 Ι

288 790 401 850 Omnes
414 791 510 850 sancti
524 790 731 849 Ooniessores:
754 795 845 848 orate.

287 887 400 948 Omnes
412 889 509 947 sancti
522 886 664 946 Monachi
673 891 705 945 et
718 885 882 946 Heremitae
895 905 902 945 ε
924 892 1013 945 orate.

289 983 399 1043 Sancte
413 983 593 1061 Magdalena
607 1003 615 1042 ι
638 1002 697 1042 ora

289 1078 400 1139 Sancta
413 1077 514 1138 Maria
526 1078 709 1156 AEgvptiaca
722 1099 729 1138 :
751 1097 810 1137 ora

290 1175 400 1234 Sancta
414 1175 575 1234 Felicitas:
596 1193 655 1234 ora.

290 1271 401 1330 Sancta
415 1271 583 1349 Perpetua:
604 1290 663 1330 ora.
714 1301 715 1304 ¹

289 1367 400 1427 Sancta
413 1368 536 1444 Agatha
551 1388 559 1426 :
582 1387 642 1427 ora.

288 1464 400 1523 Sancta
414 1464 506 1523 Lucia
518 1485 525 1523 ε
546 1484 606 1523 ora

287 1560 399 1620 Sancta
411 1561 516 1637 Agnes
529 1581 536 1619 :
557 1579 617 1619 ore.

287 1656 397 1716 Sancta
411 1657 541 1716 Oecilia:
561 1675 621 1716 om.

287 1752 398 1813 Sancta
410 1752 572 1817 Anastasis
586 1773 593 1812 :
614 1771 673 1811 ora.

286 1848 397 1908 Sancta
411 1848 602 1926 Petronelluflz
623 1868 683 1906 ora.

287 1943 397 2004 Sancta
411 1944 603 2004 Katharina:
623 1964 682 2003 ora.

287 2041 399 2099 Sancta
413 2041 604 2116 Margarete:
624 2060 683 2097 ora.

288 2134 398 2193 Sancta
412 2134 586 2192 christina:
606 2153 666 2192 ore.

288 2229 399 2288 Sancta
412 2229 434 2288 J
435 2229 538 2286 uliane
551 2249 558 2286 :
578 2248 638 2286 ora.

290 2324 401 2384 Sancta
413 2323 595 2384 Scholastica
609 2346 616 2384 :
637 2343 696 2381 ora.

289 2422 400 2483 Sancta
414 2421 585 2482 Ererildis:
605 2441 665 2480 ora

289 2518 400 2579 Omnes
413 2523 523 2578 sanctae
538 2517 680 2597 Virgines
694 2537 701 2577 ε
726 2523 815 2575 orate.

289 2615 400 2675 Omnes
414 2616 518 2674 Sancti
532 2636 539 2674 :
559 2622 649 2674 orate.

286 2711 441 2789 Propitius
455 2718 538 2773 esto:
558 2731 645 2789 parce
658 2711 754 2783 nobis,
771 2710 907 2769 Domine.

285 2808 338 2866 Ab
351 2810 433 2868 omni
446 2809 525 2868 malo
538 2830 545 2868 ε
565 2809 659 2868 litere
671 2828 735 2882 nos,
751 2807 888 2866 Domine.

285 2905 337 2964 Ab
350 2907 469 2965 insidiis
483 2907 593 2964 diaboli
607 2928 614 2966 z
635 2907 736 2964 libera

283 2999 315 3060 A
327 3004 494 3062 carnalibus
508 3003 659 3061 desideriis
672 3023 679 3062 :
700 3003 800 3060 libere.

283 3099 336 3157 Ab
351 3100 489 3158 omuibus
502 3099 701 3158 immunditiis
715 3099 825 3157 mentis
839 3104 870 3156 et
884 3099 1033 3174 corporis:
1054 3100 1156 3160 libere.

282 3194 313 3253 A
325 3197 425 3254 subita
439 3203 470 3254 et
483 3201 593 3254 aterna
606 3202 701 3253 morte
715 3216 722 3254 ι
743 3195 843 3253 libere.

284 3289 344 3349 Por
357 3293 533 3368 mysterium
546 3299 654 3350 sanctae
669 3292 889 3348 Incarriationis
901 3297 962 3349 tuae
976 3311 982 3348 :
1004 3291 1105 3348 libem.

284 3387 344 3444 Per
357 3388 483 3445 Orucem
497 3395 528 3444 et
542 3388 713 3444 Passionem
727 3392 811 3443 tuam
825 3406 832 3442 ε
853 3386 954 3443 libera.

284 3481 343 3539 Per
356 3488 489 3539 sanctam
503 3483 760 3540 Resurrectionem
774 3488 874 3538 tuam:
895 3481 996 3537 libera.

285 3575 345 3634 Per
357 3577 560 3635 admirabilem
574 3577 789 3635 Ascensionem
800 3582 883 3632 tuam
896 3595 903 3632 ι
923 3575 1025 3632 libera.

283 3670 344 3730 Per
355 3671 484 3749 gretiam
498 3673 601 3729 Sancti
615 3672 746 3748 Spiritus
759 3671 922 3728 Paracliti:
942 3670 1044 3730 libere.

283 3767 323 3827 In
336 3768 384 3826 die
393 3768 502 3843 judicii
516 3789 523 3827 z
544 3769 647 3827 libera.

282 3864 456 3924 Peccatores
469 3886 476 3923 :
497 3870 528 3923 te
540 3883 679 3942 rogamus
693 3863 764 3922 audi
777 3882 839 3922 nos.

281 3961 330 4022 Ut
342 3981 445 4040 pacem
458 3968 490 4020 et
503 3961 689 4020 concordiam
702 3960 787 4019 nobis
800 3960 911 4020 dones:
931 3965 962 4020 te
975 3980 1120 4041 rogamus.

280 4058 328 4119 Ut
348 4065 481 4118 sanctam
502 4059 664 4118 Ecclesiam
684 4065 769 4117 tuam
788 4076 890 4136 regere
910 4077 944 4117 ac
965 4057 1116 4120 defensare
1136 4060 1288 4141 digneris:

364 4158 395 4210 te
409 4171 556 4230 rogamus.

280 4247 328 4308 Ut
341 4248 484 4307 domnum
495 4247 699 4327 Apostolicum
710 4257 741 4308 et
754 4219 859 4309 omnes¹
866 4248 977 4327 gradus
991 4249 1128 4310 Ecclesiae
1138 4250 1172 4310 in
1185 4260 1287 4311 sancta

360 4341 504 4420 religione
517 4361 692 4402 conservare
706 4342 836 4421 digneris
849 4363 857 4403 ι
879 4348 910 4400 te
923 4360 1070 4420 rogamus.

595 4472 610 4499 θ
625 4471 697 4518 York
707 4470 762 4518 MS.
