3022 4966
447 369 612 435 Manuale
627 369 791 436 aclueuen
805 369 941 438 Saeuus.
1241 369 1301 431 81*

162 536 277 594 Deinde
290 545 430 612 sequatur
439 561 449 596 .·

163 617 260 693 Kyrie
276 618 403 693 eleyson.
447 616 564 674 Christe
585 617 711 692 eleyson.
756 616 853 694 Kyrie
871 617 999 692 eleyson,
1017 616 1079 674 nece
1096 614 1188 672 Pater
1203 617 1304 671 noster

102 708 128 758 et
142 697 204 755 sine
219 698 366 755 Dominus
380 698 552 756 vobiscum:
572 699 622 755 sed
636 706 753 755 tantum
769 718 836 755 cuns
851 697 984 754 Oremus.

165 778 274 836 Oratio.
318 779 387 850 Fac,
410 799 587 855 quaesumus,
611 778 748 850 Domine,
775 778 851 836 hunc
873 797 940 835 cum
960 776 1078 835 servulo
1097 782 1158 845 tuo,
1173 781 1199 833 et
1212 781 1303 832 cetera

103 868 137 916 ut
151 879 251 934 stupra,
266 879 292 935 p
311 860 360 916 94.
682 848 699 910 ἰ

164 939 280 997 Deinde
292 939 417 1015 incipiat
431 948 532 997 cantu
546 937 771 1014 deponentium
782 963 791 998 :
812 939 919 996 Libere
932 958 988 1010 me,
1004 937 1140 1008 Domine,
1151 935 1188 993 de
1197 940 1299 1005 morto,

104 1029 129 1076 et
146 1029 235 1077 cetera
250 1029 283 1077 ut
296 1040 395 1094 secptra,
406 1040 434 1096 p.
450 1020 496 1078 82.

171 1101 280 1158 l'ersus.
324 1101 396 1157 Dies
409 1099 469 1158 ills.

165 1197 205 1253 Et
221 1206 407 1272 percontetur
420 1218 440 1254 u
460 1197 544 1255 clsoro
564 1218 631 1255 cuns
651 1217 703 1256 suo
731 1197 818 1256 Versu
833 1205 957 1268 mutum,
979 1196 1085 1254 seilicet
1105 1194 1178 1251 Dies
1195 1192 1256 1263 ills,
1270 1201 1306 1250 ut

104 1298 206 1353 stupra,
227 1287 253 1335 et
274 1278 392 1335 interim
412 1278 576 1336 incerssetur
597 1298 700 1354 corpus
721 1299 741 1335 a
763 1278 915 1337 Sacerdote
937 1276 1022 1336 serint
1044 1275 1257 1345 circumeundo,
1279 1281 1305 1331 et

100 1367 202 1434 postea
216 1367 388 1433 arperpatur
402 1379 482 1434 aqua
497 1360 664 1429 benedicta,·
685 1359 789 1417 deirule
802 1366 959 1433 spuatur:

167 1439 264 1513 Kyrie
277 1440 401 1514 eleyson.
445 1439 562 1497 Ohristc
576 1439 701 1516 eleyson.
745 1439 841 1516 Kyrie
855 1438 981 1514 eleyson.

168 1531 227 1588 Hic
240 1541 317 1606 repet
330 1531 468 1590 tS'acerdos
481 1533 698 1591 circumstantes
712 1553 794 1591 orare
803 1553 860 1608 pro
874 1532 978 1590 aninea
991 1529 1123 1606 cteicsecti
1136 1531 1233 1589 dicens
1243 1555 1252 1589 :

169 1611 228 1668 Pro
243 1612 340 1669 enims
354 1612 393 1670 N.
409 1619 440 1669 et
453 1633 506 1689 pro
520 1614 674 1670 animabus
688 1613 822 1670 omnium
834 1612 966 1670 fidelium
980 1613 1193 1669 defunctorum.

170 1692 260 1749 Pater
272 1701 381 1750 noster.
425 1693 466 1749 Et
480 1713 592 1750 nenos.
636 1693 694 1751 Sed
707 1693 808 1753 libera

171 1772 241 1829 Non
255 1773 348 1829 intres
362 1773 393 1829 in
403 1773 550 1848 judicium
564 1793 631 1830 cum
645 1792 730 1830 servo
745 1780 797 1830 tuo
811 1773 856 1830 vel
868 1771 985 1830 sertula
997 1778 1060 1844 tua,
1075 1773 1204 1830 Domine
1219 1793 1225 1830 :

211 1853 289 1921 Quia
302 1873 361 1909 non
372 1853 586 1928 justificabitur
598 1854 631 1909 in
645 1859 803 1929 conspectu
816 1859 869 1910 tuo
883 1853 979 1910 omnis
994 1853 1105 1912 vivens.

171 1935 202 1989 A
216 1939 302 2006 porta
315 1932 404 1988 inseri
418 1953 424 1988 τ

213 2013 301 2081 lirun,
316 2012 453 2080 Domine,
467 2012 581 2068 animus
594 2031 703 2068 comm.

174 2091 268 2148 Credo
282 2091 382 2148 videre
396 2092 473 2147 bons
486 2091 621 2148 Domini:

215 2171 252 2226 Iu
267 2177 347 2226 terra
360 2171 533 2228 virentium.

175 2250 312 2321 Domine,
327 2250 442 2307 exaudi.

174 2331 322 2387 Dominus
335 2331 495 2389 vobiscum.
539 2329 672 2388 Oremus.

176 2423 286 2482 Oratio.
328 2423 454 2495 Inclins,
471 2423 608 2494 Domine,
622 2441 723 2480 aurem
737 2429 829 2494 tuum,
844 2431 870 2480 et
885 2430 975 2480 cetera
988 2431 1135 2497 utsupra,
1150 2441 1177 2498 p.
1196 2422 1242 2480 64.

174 2505 234 2561 llic
247 2505 412 2579 deportetur
425 2523 528 2579 cerpus
541 2505 582 2561 ad
595 2502 786 2579 sepulchrum,
802 2512 917 2562 cantore
930 2502 1093 2579 incipiente.

175 2584 353 2661 Arcteplsona
397 2585 435 2641 In
450 2584 632 2642 Paradisum.

180 2666 321 2723 Psalmus.
365 2665 404 2721 In
418 2666 502 2722 exitu
518 2665 609 2722 Israel
624 2665 660 2721 de
674 2665 809 2741 AEgypto
824 2662 929 2742 (cxiii.)

176 2747 264 2802 Alius
291 2746 435 2818 l'salruus,
465 2746 493 2803 si
519 2753 636 2803 tantum
662 2753 751 2803 restat
777 2745 840 2817 iter,
866 2744 994 2804 scilicet:
1028 2744 1080 2801 Au
1107 2750 1148 2815 te,
1177 2742 1315 2815 Domine,

117 2827 215 2884 levari
238 2825 340 2905 (aaut)

178 2920 280 2977 Finito
294 2919 412 2978 Psalmo
426 2918 471 2976 eet
482 2919 619 2991 Psalmis,
634 2917 753 2977 dicatur
765 2918 817 2976 iste
838 2919 958 2979 Versus:
979 2919 1126 2996 Requiem
1139 2924 1288 2977 aternam.

178 3001 291 3058 Deinde
304 3009 450 3074 repetatur
463 2999 655 3075 Antiphone:
678 3000 716 3056 lu
726 2999 910 3072 Paradisum,
920 3007 946 3058 et
959 3010 1049 3058 cetera
1063 3009 1098 3059 ut
1111 3020 1211 3077 supra,
1227 3019 1254 3076 p.
1267 2997 1315 3056 58.

181 3081 293 3150 Quibus
316 3081 408 3152 (lictis,
434 3081 514 3138 dicat
537 3080 676 3139 Sacerdos
699 3081 761 3138 sine
782 3080 930 3138 Dominus
950 3083 1111 3154 vobiscum,
1132 3082 1182 3140 sed
1202 3089 1319 3139 tanturn

118 3181 185 3219 resin
200 3162 325 3218 Oremus
338 3161 445 3218 lecrru'li
458 3181 528 3218 uoce.

182 3241 291 3299 Oratio.
334 3241 395 3297 Piae
410 3241 619 3298 recordationis
632 3241 748 3311 affectu,
759 3249 784 3298 et
798 3248 889 3300 cetera
902 3248 937 3298 ut
949 3262 1050 3318 supra,
1064 3261 1092 3318 p.
1109 3242 1156 3299 96.

180 3322 253 3378 elliu
269 3320 370 3378 Oratio
384 3341 449 3377 cum
464 3321 596 3377 Oremus.

182 3414 223 3470 To
251 3412 386 3484 Domine,
415 3418 515 3468 sancte
542 3412 641 3483 Pater,
672 3412 859 3487 omnipotens
887 3419 996 3470 aeterne
1026 3413 1117 3484 Deae,
1149 3412 1322 3489 suppliciter

121 3495 313 3570 deprecamur
326 3511 379 3567 pro
393 3491 501 3566 spiritu
514 3492 616 3549 fratris
636 3492 731 3548 nostri
751 3492 795 3548 ecl
813 3493 921 3549 sororis
941 3498 1057 3562 nostrie,
1072 3511 1160 3567 quem
1174 3493 1219 3550 uel
1233 3512 1322 3568 quum

123 3596 141 3632 u
155 3572 346 3647 i'omginibus
366 3571 455 3646 hujus
475 3572 574 3627 saculi
593 3571 729 3628 accersiri
744 3571 870 3645 jussisti,
887 3578 921 3628 nt
936 3571 1075 3646 digneris
1091 3571 1228 3644 Domine,
1251 3572 1322 3630 dsre

123 3656 152 3711 oi
176 3653 307 3709 lucidum
329 3650 427 3708 locum
448 3650 592 3727 refrigerii
614 3656 645 3707 et
668 3650 784 3724 quietis.
837 3651 940 3708 Liceat
961 3651 989 3708 ei
1010 3650 1137 3708 transire
1158 3659 1259 3727 portas
1280 3653 1324 3709 in-

124 3736 254 3792 ser-orum
268 3740 299 3789 et
315 3751 412 3807 paenas
433 3731 631 3802 tenebrarum,
646 3737 821 3806 ninnestque
835 3730 866 3787 in
880 3730 1081 3788 mansionibus
1101 3737 1279 3802 sanctornm,
1294 3739 1325 3790 et

125 3816 157 3871 in
172 3816 235 3871 luco
250 3819 351 3869 sancta
372 3829 460 3887 quum
482 3811 553 3868 olim
573 3810 704 3868 Abrahae
724 3810 888 3887 promisisti
907 3818 938 3868 et
959 3811 1065 3869 semini
1085 3813 1156 3888 ejus.
1200 3812 1325 3870 Nullum

125 3896 273 3952 laesionem
287 3893 397 3950 sentiet
416 3891 538 3967 spiritus
559 3892 631 3966 ejus,
647 3891 698 3948 sed
718 3911 786 3949 cum
806 3910 931 3968 ningues
951 3892 1002 3949 illc
1022 3892 1085 3949 dies
1104 3893 1326 3951 resurrectionis

125 3975 288 4046 miscuerit,
304 3973 477 4030 resuscitare
491 3991 558 4028 eum
579 3971 624 4029 ccl
643 3991 708 4028 eam
728 3971 858 4048 digneris
878 3992 938 4029 uns
959 3992 1025 4029 cum
1046 3973 1155 4030 sanctis
1175 3980 1206 4030 et
1226 3973 1326 4031 electis

126 4058 194 4123 tuis,
210 4055 365 4130 deleasque
381 4055 444 4129 ejus
465 4052 564 4109 omnia
584 4051 693 4109 delicta
712 4058 802 4128 atqiie
822 4059 940 4128 peccata
960 4072 1054 4129 usque
1074 4053 1112 4111 ud
1132 4053 1327 4111 novissimum

126 4135 330 4212 quadrantem,
345 4142 499 4209 tecumque
514 4132 747 4189 immortalitatis
768 4140 827 4189 tuen
841 4133 936 4191 vitem
950 4140 981 4191 et
994 4153 1118 4210 regnum
1132 4140 1328 4210 consequetur

127 4223 279 4274 artemam.
323 4215 381 4271 Per
395 4214 547 4272 Christum
562 4213 725 4269 Dominum
739 4219 883 4271 nostrum.
926 4215 1034 4272 Amen.

188 4307 301 4365 Finitis
325 4307 515 4365 Orationibus
535 4304 689 4381 aperiatur
712 4305 905 4382 repedetur-um,
926 4315 1042 4367 cantore
1064 4306 1221 4383 incipiente
1245 4306 1332 4366 Anti-

126 4389 256 4465 plisnam
267 4409 277 4445 :
298 4389 431 4465 Aperite.

190 4469 335 4528 I'salmus.
380 4465 572 4526 confitemini
586 4465 716 4524 Domino
728 4465 854 4583 goarii.)

710 4563 728 4604 r
