3022 4966
175 344 239 408 202
553 338 602 404 Io
615 336 832 405 Dedicutionc
847 336 1003 403 Ecclesia.

545 569 585 629 Iu
606 571 822 628 Dameamosa
842 569 1008 626 Eocnasrs.

235 692 285 751 Aa
297 691 515 752 Processimus
558 689 582 748 I
580 713 601 749 n
613 692 693 750 coitu
707 690 798 751 Ultori
814 690 1049 767 eupolemum.

235 788 375 847 Famdata
394 795 439 847 cst
452 789 558 846 domus
571 788 695 846 Domini
715 807 804 865 super
816 788 958 845 verticem
976 787 1125 845 montium
1138 792 1169 844 et
1189 788 1319 844 exaltata
1332 795 1378 846 est

175 907 264 966 snper
276 906 378 946 omnes
398 887 494 960 colles,
510 893 541 945 et
554 887 677 946 venient
696 887 734 945 ad
748 877 816 945 eam
827 905 928 944 omncs
941 891 1062 963 gentes,
1097 885 1138 943 Et
1155 886 1262 959 dicent,
1277 884 1378 943 Gloria

174 986 241 1060 tibi,
256 986 392 1045 Domine.

181 1084 211 1145 V.
234 1084 399 1143 Venientes
412 1090 512 1143 autem
526 1084 649 1142 venient
662 1103 730 1141 cum
743 1082 942 1141 exsultatione
956 1088 1109 1160 portantes
1123 1085 1289 1161 manipulos
1302 1104 1377 1143 suos

176 1180 219 1239 Et
231 1180 338 1240 dicent

237 1277 341 1337 Gloriae
354 1277 439 1336 Patri
452 1283 483 1336 et
497 1276 576 1335 Filio
590 1281 621 1335 et
635 1275 763 1354 Spiritui
777 1275 894 1334 Sancto.
939 1276 980 1333 Et
993 1276 1102 1337 dicent.

236 1372 385 1452 Sequatur
398 1372 519 1433 Proca*

343 1471 373 1532 V.
397 1472 493 1545 Salve,
507 1471 583 1530 festa
595 1470 658 1529 dies
671 1475 736 1529 toto
749 1469 927 1528 venerabilis
941 1490 1013 1544 aevo,

433 1569 500 1639 Qua
512 1588 619 1646 sponso
632 1587 739 1646 sponsa
746 1568 886 1645 jungitur
899 1567 1026 1625 ecclesia.

794 1663 916 1724 otono.
959 1664 1054 1722 Salve.

343 1787 374 1849 V.
396 1787 472 1846 Haec
484 1792 529 1845 cst
542 1787 611 1845 aula
624 1786 691 1858 Dei,
704 1785 784 1864 pacis
796 1785 878 1844 locus
891 1791 922 1843 et
934 1786 1056 1862 requiei,

433 1884 516 1942 Hinc
528 1889 560 1942 et
573 1888 646 1941 eunt
659 1882 761 1960 inopes
774 1882 813 1940 ad
827 1881 992 1940 Salomonis
1004 1900 1081 1958 opes

797 1975 917 2037 Choma.
961 1977 1056 2035 Salve.

331 2126 335 2135 ·
346 2100 375 2160 V.
397 2101 494 2160 Filius
507 2101 558 2159 illo
571 2099 680 2172 David,
695 2099 815 2177 quinos
828 2099 886 2158 sibi
899 2097 1087 2170 consociavit,

435 2198 503 2257 Hac
516 2199 550 2255 in
563 2202 657 2255 matre
672 2197 759 2255 domo
771 2202 803 2255 et
816 2196 900 2255 Deus
912 2201 958 2254 est
972 2201 1003 2253 et
1015 2196 1112 2254 homo.

800 2292 920 2352 &torum
963 2292 1059 2351 Salve.

347 2426 377 2485 V.
400 2426 514 2504 Copula
527 2426 650 2485 calestia
664 2445 716 2484 vos
734 2424 929 2502 spiritualiter
942 2423 1020 2498 estis,

436 2523 469 2580 Si
482 2523 627 2580 servando
640 2522 730 2581 fidem
745 2541 807 2580 esse
820 2522 921 2580 velitis
934 2521 1021 2579 idem.
1135 2581 1141 2590 ,

800 2616 921 2677 Chorus.
966 2617 1061 2675 Salve.

347 2742 375 2799 V.
399 2742 482 2799 Urbs
496 2761 573 2797 nova
587 2741 776 2797 Hierusalem
790 2740 967 2797 descendens
981 2741 1164 2817 spiritualem

435 2839 553 2894 Attulit
567 2844 704 2894 ornatum
718 2837 791 2893 lucis
805 2838 842 2894 ab
856 2858 921 2894 arce
935 2839 1046 2895 (latum.

800 2932 922 2991 Chorus.
965 2933 1059 2990 Salve.

347 3060 379 3119 V.
400 3059 483 3116 Hinc
497 3059 565 3116 fidei
579 3058 709 3114 fructum
723 3077 804 3114 sacro
818 3058 995 3133 baptismate
1009 3058 1141 3130 ductum,

437 3157 499 3215 Dat
513 3177 566 3214 rex
575 3155 702 3232 justitiae
716 3155 830 3212 caelitus
845 3156 991 3213 Ecclesiae.

798 3251 920 3311 Chorus.
964 3253 1059 3310 Salve.

349 3378 379 3438 V.
403 3378 504 3435 Firma
518 3376 617 3434 David
632 3375 731 3447 tursio,
748 3375 804 3432 huc
820 3376 843 3432 si
859 3376 932 3452 pede
946 3381 1064 3452 perpete
1079 3375 1173 3432 curris

436 3475 576 3533 Invenies
590 3476 622 3532 in
635 3493 670 3531 ea
683 3474 806 3550 pignora
820 3472 940 3531 siderea.

801 3569 919 3630 Chorus.
964 3568 1059 3627 Salve.

348 3696 377 3756 V.
401 3695 476 3753 Haec
490 3700 535 3752 est
548 3713 616 3751 arca
630 3693 688 3750 Dei
702 3692 890 3750 credentibus
904 3690 1088 3764 auxiliatrix,

438 3793 511 3861 Qum
525 3792 608 3849 vehit
622 3789 659 3847 ad
674 3795 792 3866 portum
807 3808 880 3865 quos
893 3788 977 3847 vehit
991 3787 1070 3844 unda
1083 3784 1201 3845 maris.†

805 3886 925 3946 Coma.
968 3885 1062 3943 Salve.

241 4050 258 4081 ⁴*
271 4050 320 4108 sir
343 4049 426 4108 John
448 4047 596 4106 Lawson's
619 4047 745 4107 MS.—“
759 4047 844 4104 Tunc
865 4049 925 4105 duo
952 4045 1118 4122 Presbyteri
1137 4046 1172 4105 ia
1193 4018 1286 4102 scedio
1314 4044 1389 4102 Pro·

181 4129 314 4188 ceraunis
328 4138 443 4188 content
453 4129 673 4204 Antiphonem:
695 4127 791 4202 Salve,
806 4127 882 4185 festa
898 4126 985 4185 dies.”

240 4235 321 4295 †sir
334 4234 418 4293 John
433 4233 582 4290 Lawson’s
597 4232 663 4290 MS.
680 4232 794 4291 adds-

346 4336 365 4364 “
376 4330 452 4387 Haec
466 4335 510 4388 est
524 4330 601 4388 scala
614 4329 720 4403 Jacob,
734 4349 787 4406 per
801 4349 890 4406 quam
905 4329 1097 4387 conscendere
1111 4328 1203 4387 sclam

381 4410 521 4469 credenti
534 4411 642 4487 populo
656 4411 708 4468 dat
723 4410 802 4468 bona
815 4411 880 4467 vita
892 4409 1020 4486 polum.''
