3022 4966
146 319 188 384 oo
522 315 697 404 naara
717 315 970 403 mamaea.

207 498 368 558 Mutata
379 504 412 556 et
424 496 589 557 misericors
602 499 768 558 Dominus:
788 497 913 576 patiens,
928 504 960 556 et
972 496 1102 556 multum
1114 495 1287 555 misericors.

207 595 313 654 Suavis
321 595 471 653 Dominus
479 595 642 655 universis:
656 601 687 654 et
693 594 897 655 miserationes
904 596 968 672 ejus
975 614 1064 672 super
1070 593 1171 653 omnia
1178 613 1268 672 opera
1275 593 1348 668 ojus.

207 693 414 752 Oonlitaantur
426 693 491 766 tibi,
504 693 643 767 Domine,
653 693 753 753 omnis
766 712 856 771 opera
867 699 939 753 tua:
960 698 991 752 et
1004 693 1100 752 sancti
1112 692 1161 752 tui
1173 691 1349 751 benedicant

145 783 210 844 tibi

209 878 344 938 Gloriam
357 881 441 960 regni
454 882 502 940 tui
514 880 635 940 dicent:
657 888 689 939 et
698 881 864 959 potentiam
876 886 962 940 tuam
974 881 1153 958 loquentur:

209 976 258 1034 Ut
271 983 374 1037 notam
387 978 498 1037 faciant
518 978 588 1036 filiis
607 977 762 1037 hominum
782 978 948 1056 potentiam
968 983 1068 1036 tuam:
1089 982 1120 1035 et
1132 976 1257 1054 gloriam
1271 994 1350 1052 mag-

145 1073 304 1133 nificentiae
317 1076 402 1154 regni
414 1075 472 1135 tui.

209 1170 350 1250 Regnum
373 1178 460 1231 tuum
481 1191 606 1250 regnum
631 1172 764 1230 omnium
787 1171 981 1230 saarlorum:
1008 1176 1040 1229 et
1059 1169 1223 1229 dominatio
1242 1176 1296 1228 tna
1317 1169 1349 1226 in

147 1268 232 1326 omni
244 1269 435 1346 generatione
447 1275 479 1328 et
491 1269 719 1346 generationem
762 1268 873 1328 Fidelis
893 1267 1041 1327 Dominus
1054 1267 1087 1326 in
1100 1267 1239 1326 omnibus
1252 1267 1349 1326 verbis

145 1364 207 1423 suis
219 1384 226 1423 :
250 1371 281 1423 ct
294 1372 413 1424 sanctus
426 1366 460 1423 in
473 1365 611 1424 omnibus
623 1364 761 1442 operibus
773 1365 842 1423 suis.

210 1461 335 1520 Allevat
348 1462 496 1521 Dominus
509 1481 619 1536 omnes,
633 1462 687 1539 qui
699 1469 862 1520 cormunt:
885 1467 916 1519 et
930 1460 1019 1538 erigit
1031 1479 1132 1519 omnes
1145 1460 1238 1518 elisos.

210 1558 298 1616 Oculi
316 1558 450 1617 omnium
473 1559 506 1617 in
528 1564 559 1617 te
576 1564 705 1635 sperant,
721 1557 868 1616 Domine:
897 1563 928 1614 et
941 1563 976 1614 tu
996 1556 1049 1614 dss
1069 1575 1164 1614 escam
1183 1555 1303 1614 illorum
1316 1555 1348 1612 in

146 1659 279 1732 tempore
292 1661 466 1733 opportuno.

207 1751 317 1827 Apen's
330 1757 366 1810 tu
379 1771 502 1810 manum
515 1757 617 1809 tuam:
638 1756 670 1808 et
682 1750 787 1827 imples
800 1768 887 1808 omne
900 1748 1011 1807 animal
1024 1748 1235 1807 benedictione

207 1847 315 1906 Justus
350 1848 499 1907 Dominus
526 1849 559 1906 in
586 1847 724 1906 omnibus
750 1847 809 1905 viis
835 1845 914 1905 suis:
948 1852 980 1904 ct
1006 1850 1126 1904 sanctus
1152 1844 1185 1902 in
1212 1843 1349 1902 omnibus

146 1943 284 2021 operibus
296 1946 365 2004 suis.

206 2040 304 2118 Prope
328 2049 373 2102 est
393 2042 541 2102 Dominus
561 2042 698 2101 omnibns
722 2041 930 2100 invocantibus
950 2060 1035 2099 eum:
1060 2038 1196 2097 omnibus
1212 2038 1349 2097 invocan-
1404 2075 1406 2079 <

146 2138 228 2199 tibus
241 2161 309 2200 eum
323 2142 356 2200 in
370 2141 504 2200 veritate.

207 2238 405 2298 Voluntatem
424 2238 598 2297 timentium
610 2257 642 2296 se
654 2237 751 2309 faciet,
767 2242 798 2294 et
810 2235 1046 2313 deprecationem
1065 2253 1167 2293 eorum
1187 2232 1345 2291 exaudiet:

146 2342 178 2394 et
190 2336 287 2395 salvos
300 2337 389 2396 faciet
402 2355 458 2396 eos

208 2433 348 2493 Oustodit
381 2434 530 2493 Dominus
562 2450 664 2491 omnes
703 2430 860 2508 diligentes
893 2448 944 2488 se:
983 2435 1015 2487 et
1047 2447 1149 2487 omnes
1182 2431 1349 2504 peccatores

146 2528 303 2607 disperdet.

207 2627 423 2686 Laudationem
446 2625 570 2685 Domini
592 2625 730 2701 loquetur
753 2644 785 2682 os
806 2643 923 2683 mcum:
949 2629 980 2681 et
992 2622 1147 2682 benedicat
1166 2622 1263 2680 omnis
1282 2641 1349 2680 caro

150 2722 265 2779 nomini
278 2728 380 2780 sancto
394 2724 457 2798 ejus
470 2723 503 2779 in
517 2720 666 2793 saeculum,
680 2727 711 2778 et
724 2721 757 2777 in
770 2721 910 2778 soeculum
923 2719 1029 2777 aaeculi

207 2817 356 2877 Sacerdos.
400 2819 547 2895 Requiem
560 2825 702 2876 aternam
715 2817 792 2876 dona
805 2819 856 2890 eis,
871 2816 1018 2875 Domine:

313 2917 350 2974 R.
434 2917 475 2974 Et
488 2917 543 2974 lux
556 2923 698 2994 perpetua
711 2916 809 2974 luceat
823 2917 873 2974 eis.

396 3015 491 3074 Credo
506 3017 606 3074 videre
618 3016 697 3073 bona
710 3014 834 3073 Domini
849 3035 856 3072 :

435 3112 474 3170 In
488 3120 568 3170 terra
582 3113 757 3172 viventium.

395 3210 427 3267 A
440 3217 527 3287 porta
540 3210 645 3268 inferi:

438 3306 525 3379 Erue,
542 3305 679 3378 Domine,
693 3307 807 3365 animas
821 3325 931 3364 eorum.

394 3403 543 3462 Dominus
556 3402 716 3461 vobiscum.

208 3499 310 3559 Oratio
318 3520 377 3578 pro
390 3500 541 3578 Episcopo.
584 3501 676 3574 Deus,
691 3501 744 3576 qui
756 3500 837 3559 inter
849 3499 1029 3577 apostolicos.

206 3597 267 3657 Pro
280 3598 439 3659 Sacerdote.
473 3598 584 3658 Oratio.
620 3598 817 3674 Omnipotens
829 3599 1008 3675 sempiterne
1022 3598 1114 3672 Deua,
1125 3596 1175 3656 cui
1185 3617 1345 3674 nunquam

206 3695 267 3755 Pro
273 3696 406 3771 samaia
446 3696 573 3769 Inclina,
588 3695 726 3768 Domine,
741 3714 843 3752 aurem
856 3701 949 3754 tuam.

206 3791 406 3867 Prosamala
450 3792 635 3864 Quaesumus,
649 3791 787 3866 Domine,
801 3812 856 3870 pro
869 3798 930 3851 tua

208 3888 310 3948 Oratio
342 3889 492 3965 generalia
548 3890 726 3962 Animabus,
768 3908 946 3967 quaesumus,
989 3888 1127 3961 Domine,
1169 3888 1348 3946 famulorum

145 3986 382 4063 famularumque
408 3993 529 4045 tuarum
556 3988 651 4044 oratio
683 3986 818 4064 proficiat
851 3986 1083 4064 supplicantium
1093 4006 1102 4059 ;
1135 3990 1171 4043 ut
1198 4005 1247 4044 aas
1273 3990 1305 4044 et
1330 4005 1349 4043 a

144 4083 270 4161 peccatis
283 4082 421 4141 omnibus
434 4101 535 4156 exuas,
550 4089 581 4140 et
594 4088 655 4141 tuae
668 4083 877 4161 redemptionis
896 4083 987 4142 incias
1002 4102 1065 4143 esse
1079 4082 1245 4161 participes
1290 4082 1349 4153 Qui

144 4181 222 4238 vivis
236 4185 266 4238 et
279 4199 392 4257 regnas.

206 4277 340 4337 Hectorea
352 4276 440 4338 clari.
483 4275 664 4354 Requiescat
676 4276 709 4335 in
721 4296 799 4355 paee.

205 4371 328 4434 Chorus.
371 4375 479 4433 Amen.
