3022 4966
368 370 512 439 Ordines
531 369 708 437 Unctionia
722 372 888 438 Extrema
902 375 932 436 et
946 369 1144 463 Sepultura.
1278 375 1360 435 181*

219 535 332 597 Oratio.

217 618 412 693 Omnipotens
426 617 604 694 sempiterne
618 616 710 689 Deus,
725 617 900 676 immensam
910 616 1052 694 pietatem
1064 622 1149 676 tuam
1162 616 1361 693 deprecamur,

155 704 191 756 nt
214 698 252 754 ad
275 698 434 755 introitum
457 697 637 755 humilitatis
661 703 769 755 nostroe
793 698 873 754 hunc
899 697 1046 756 famulum
1069 704 1158 755 tunm
1186 696 1227 755 ill.
1250 697 1283 754 in
1307 697 1363 755 hoo

155 777 326 835 habitaculo
346 777 456 835 fessum
471 778 630 853 jacentem,
644 777 817 835 visitatione
836 777 990 836 salutifera
1008 778 1133 836 visitare
1152 777 1285 854 digneris
1294 797 1303 849 ;
1331 783 1363 835 et

154 857 233 916 sicut
245 857 384 930 visitasti,
400 857 538 929 Domine,
562 857 685 914 Tobiom
707 863 739 916 et
761 857 865 915 Seram
887 863 918 915 et
938 877 1055 916 socrum
1075 857 1161 916 Petri
1179 876 1364 934 puerumque

155 938 345 1010 centurionis,
371 938 416 995 ita
442 943 474 995 et
500 938 557 995 iste
586 937 714 1013 pristina
744 937 872 995 sanitate
899 938 1005 995 animae
1033 938 1220 1014 corporisque
1247 944 1364 1015 recepto

156 1017 319 1094 gratiarum
334 1017 392 1074 tibi
406 1018 439 1074 in
452 1017 574 1076 eeclesia
586 1023 640 1075 tna
653 1017 762 1076 referat
774 1018 928 1076 actionem.
971 1017 1038 1076 Per.

155 1182 272 1246 srhltan
287 1187 421 1274 ppeipan
430 1138 1070 1270 untpumnubeoh1sanbycnys3eoyh]⁴
1084 1164 1361 1275 aeplponlecama·

358 1337 455 1414 Kys-ie
470 1337 595 1415 eleyson.
639 1338 757 1396 Christe
771 1338 897 1415 eleyson
941 1338 1181 1416 Kyriceleyson.

359 1417 451 1477 Pater
463 1417 500 1476 de
513 1419 591 1476 caelis
604 1417 695 1491 Deus,
709 1418 847 1477 miserere
860 1419 955 1478 nobis.

356 1498 452 1556 Filius
467 1498 650 1576 Redemptor
662 1500 768 1559 mundi
782 1500 874 1572 Deus,
888 1500 1027 1558 miserere
1039 1500 1134 1558 nobis.

357 1578 489 1656 Spiritus
503 1578 629 1638 Sanctus
642 1579 733 1653 Deus,
745 1579 884 1638 miserere
897 1581 992 1638 nobis.

356 1658 468 1718 Sancta
481 1659 622 1732 Trinitas,
637 1679 715 1718 unus
729 1660 821 1732 Deus,
836 1660 975 1718 miserere
988 1659 1083 1718 nobis.

358 1739 468 1797 Sancta
481 1739 589 1811 Maria,
604 1759 656 1796 ora
668 1759 722 1815 pro
736 1739 796 1796 illo.

358 1818 470 1876 Sancta
483 1817 542 1876 Dei
555 1819 701 1896 genetrix,
716 1838 768 1876 ora
780 1837 834 1894 pro
846 1818 906 1876 illo.
996 1860 999 1864 Δ

359 1897 470 1955 Sancto
481 1897 578 1974 Virgo
592 1898 764 1975 Virginum,
779 1917 831 1955 ora
843 1917 898 1974 pro
910 1897 971 1956 illo.

360 1976 469 2034 Sancte
483 1976 622 2047 Michael,
637 1996 689 2035 ora
701 1995 755 2053 pro
769 1976 829 2034 illo.

359 2055 469 2115 Sancte
483 2056 613 2129 Gabriel,
630 2076 682 2114 ora
695 2076 749 2133 pro
762 2056 824 2116 illo.

360 2134 469 2193 Sancte
483 2135 626 2212 Raphael,
642 2156 694 2195 ora
709 2157 764 2213 pro
777 2136 837 2193 illo.

319 2214 432 2274 Omnes
444 2217 540 2274 sancti
553 2216 664 2294 Angeli
678 2223 709 2274 et
722 2216 915 2293 Archangeli,
928 2221 1011 2273 orate
1023 2234 1077 2292 pro
1091 2215 1151 2274 illo.

320 2294 432 2353 Omnes
445 2297 541 2354 sancti
553 2297 708 2354 beatorum
723 2296 892 2374 Spirituum
905 2295 1043 2369 Ordines,
1058 2303 1140 2355 orate
1154 2316 1208 2373 pro
1221 2296 1284 2357 illo.

319 2374 431 2434 Omnes
444 2377 540 2434 eonon
554 2376 735 2435 Patriarchae
748 2382 780 2435 et
793 2376 959 2453 Prophetes,
970 2382 1054 2435 orate
1066 2396 1121 2453 pro
1134 2377 1194 2436 illo.

360 2456 468 2514 Sancte
482 2455 580 2530 Petre,
595 2476 647 2515 ora
660 2476 714 2534 pro
728 2457 788 2517 illo.

360 2536 468 2595 Sancte
482 2536 585 2609 Paule,
599 2557 652 2595 ora
669 2556 723 2614 pro
736 2536 797 2595 illo.

359 2616 468 2675 Sancte
481 2617 614 2691 Andros,
628 2637 680 2676 ora
695 2636 750 2694 pro
763 2616 824 2675 illo.

360 2697 468 2755 Sancte
481 2698 504 2756 J
505 2697 644 2771 ohannes,
660 2718 712 2756 ora
724 2718 780 2774 pro
792 2696 853 2756 illo.

359 2777 468 2837 Sancte
480 2778 503 2836 J
503 2780 601 2851 acohe,
617 2798 669 2836 ora
681 2798 736 2854 pro
749 2778 809 2835 illo.

361 2857 470 2917 Sancte
483 2858 630 2936 Philippe,
646 2877 698 2917 ora
710 2877 764 2935 pro
777 2857 837 2916 illo.

360 2937 469 2997 Sancte
483 2939 709 3012 Bartholomaee,
724 2958 777 2996 ora
790 2957 844 3015 pro
858 2937 918 2997 illo.

361 3018 469 3078 Sancte
482 3019 505 3077 J
505 3021 603 3092 scobe,
618 3039 670 3078 ora
683 3039 736 3096 pro
750 3018 811 3077 illo.

361 3099 470 3157 Sancte
484 3099 639 3173 Matthaee,
654 3119 706 3158 ora
720 3119 774 3177 pro
787 3098 847 3157 illo.

362 3179 470 3237 Sancte
484 3180 606 3252 Thema,
622 3199 674 3238 ora
690 3199 744 3256 pro
757 3179 818 3237 illo.

362 3259 470 3317 Sancte
484 3259 595 3332 Simon,
611 3279 663 3318 ora
676 3278 730 3336 pro
744 3259 804 3318 illo.

363 3337 470 3396 Sancte
483 3339 506 3397 J
507 3339 575 3411 uda,
590 3359 642 3397 ora
654 3358 709 3415 pro
723 3338 783 3398 illo.

364 3417 471 3476 Sancte
485 3418 627 3490 Matthia,
642 3439 694 3478 ora
706 3438 760 3495 pro
773 3418 837 3479 illo.

363 3497 471 3556 Sancte
486 3499 596 3572 Marce,
613 3517 665 3557 ora
678 3518 732 3576 pro
746 3498 807 3557 illo.
858 3532 862 3542 ·

363 3576 470 3636 Sancto
485 3579 575 3652 Luco,
590 3598 641 3638 ora
654 3597 709 3656 pro
722 3578 782 3638 illo.

363 3657 470 3716 Sancte
484 3658 642 3732 Martialis,
657 3679 709 3717 ora
722 3678 776 3736 pro
789 3658 850 3718 illo.

322 3737 433 3797 Omnes
446 3738 544 3798 sancti
557 3738 698 3816 Apostoli
711 3745 742 3798 et
755 3737 965 3816 Evangelistoe,
979 3744 1063 3798 orate
1075 3757 1131 3816 pro
1143 3739 1203 3798 illo.

323 3817 435 3877 Omnes
447 3819 542 3879 sancti
555 3818 705 3896 Discipuli
718 3818 850 3892 Domini,
866 3823 948 3877 orate
961 3838 1015 3896 pro
1027 3819 1089 3879 illo.

322 3897 435 3957 Omnes
447 3899 542 3958 sancti
554 3899 743 3973 Innocentes,
759 3903 841 3958 orate
853 3916 908 3976 pro
920 3898 981 3958 illo.

362 3978 471 4038 &note
484 3978 643 4059 Stephane,
658 3998 711 4038 ora
723 3998 777 4056 pro
790 3978 850 4038 illo.

362 4058 471 4119 Sancte
484 4059 569 4132 Line,
583 4079 637 4120 ora
651 4078 708 4138 pro
720 4059 782 4119 illo.

362 4138 472 4200 Sancte
485 4139 646 4214 Olete,.ora
656 4158 712 4218 pro
725 4139 786 4199 illo.

362 4217 472 4281 Senot·
484 4218 633 4297 Olemens
645 4238 701 4281 ore
712 4238 767 4299 pro
779 4218 842 4281 illo.

363 4298 474 4361 &note
485 4298 580 4373 sixte.
594 4318 650 4363 ora
658 4298 789 4380 psotno.

363 4378 474 4441 Sancte
485 4378 617 4457 omas
629 4396 685 4442 osa
697 4398 754 4460 pso
765 4379 827 4441 illo.

361 4458 473 4525 hob
483 4460 644 4543 (imm
655 4472 712 4530 'tm
722 4478 778 4541 pra
789 4459 851 4521 illo.
