3022 4966
241 1225 398 1312 ORDO
432 1225 516 1309 AD
547 1225 928 1312 VISITANDUM
962 1228 1029 1310 IN
1031 1228 1287 1314 FIRMUM.

216 1621 356 1682 Sacerdos
369 1631 479 1700 proetcr
497 1622 630 1683 omium
649 1623 775 1682 indutus
794 1622 868 1682 stola
882 1643 941 1700 pro
959 1625 1123 1684 mcessitotc
1136 1625 1362 1701 cumfratribus

155 1719 276 1779 mum
288 1721 407 1779 ineram
420 1720 518 1779 dacor:

215 1815 282 1874 Pax
295 1816 365 1874 huic
378 1815 481 1874 domui
494 1821 525 1874 et
545 1816 683 1874 omnibus
703 1816 908 1876 habitantibus
926 1817 958 1875 in
976 1837 1018 1877 ea.
1062 1817 1129 1878 Pax
1143 1819 1362 1897 egredientibus

155 1920 187 1971 et
199 1913 442 1992 ingredientibus.
483 1912 634 1990 Alleluys.

216 2018 300 2078 Tunc
312 2039 423 2095 oqsram
435 2017 612 2077 benedictam
624 2038 712 2094 super
724 2018 912 2094 infirmumct
917 2039 972 2097 pcc
982 2030 1072 2080 totam
1082 2022 1201 2082 donum
1215 2033 1359 2100 aepcrpat,

153 2116 252 2176 dicens
261 2115 485 2193 Antiphontem:
504 2116 654 2193 Asperges
667 2135 723 2190 me,
738 2116 874 2175 Domine.

215 2221 362 2282 Psalmus.
405 2221 550 2279 Miserere
563 2220 631 2292 mei,
647 2220 739 2279 Deus.

221 2318 393 2379 Vcrsicsdoe.
437 2318 571 2377 Ostende
584 2318 679 2392 nobis,
695 2317 833 2389 Domine,
848 2317 1078 2376 misericordiam
1092 2323 1182 2376 tuem.

216 2423 351 2483 Oremus.
394 2423 506 2483 Oratio.

214 2520 335 2580 Exaudi
359 2540 422 2594 nos,
445 2520 584 2594 Domine,
610 2527 712 2578 sancte
740 2519 840 2592 Pater,
866 2520 1055 2597 omnipotens
1077 2524 1188 2577 aeterne
1215 2520 1307 2594 Deus,
1329 2528 1361 2581 et

152 2616 273 2677 mittere
293 2618 422 2695 digneris
443 2623 580 2676 sanctum
599 2617 739 2696 angelum
756 2623 844 2675 tuum
858 2617 895 2675 de
908 2616 988 2675 caelis
1005 2618 1059 2694 qui
1080 2604 1236 2688 custodiat,
1251 2617 1359 2692 foveat,

153 2720 298 2792 protegat,
312 2716 416 2774 visitet
432 2721 464 2773 et
483 2715 623 2774 defendat
643 2735 745 2773 omnes
764 2715 934 2773 habitantes
955 2714 987 2771 in
1008 2715 1063 2773 hoo
1079 2714 1257 2775 habitaculo.
1300 2716 1360 2776 Per

154 2810 308 2870 Christum
321 2812 486 2870 Dominum
499 2819 643 2870 nostrum.

214 2917 363 2977 Dominus
376 2918 536 2975 vobiscum.

214 3013 348 3074 Oremus.

213 3111 410 3189 Omnipotens
421 3117 452 3169 et
462 3111 627 3169 misericors
637 3110 728 3183 Deus,
741 3130 909 3188 quaesumus
922 3112 1097 3171 immensam
1110 3112 1252 3189 pietatem
1265 3120 1359 3184 tuam,

152 3215 188 3267 ut
200 3208 240 3266 ad
251 3209 409 3267 introitum
424 3207 605 3266 humilitatis
619 3215 727 3267 nostrus
740 3209 820 3267 hune
837 3209 982 3268 furnulum
999 3214 1087 3266 tuum
1101 3208 1141 3268 N.
1157 3209 1189 3265 in
1209 3209 1265 3267 hoo
1278 3208 1360 3267 habi-

151 3305 251 3365 taculo
264 3305 374 3364 fessum
390 3306 541 3381 jacentem
564 3305 735 3363 visitatione
754 3306 907 3364 salutifera
925 3307 1046 3364 visitare
1064 3305 1194 3381 digneris
1203 3325 1212 3377 ς
1232 3311 1263 3363 et
1281 3305 1360 3363 siout

150 3402 290 3474 visitasti,
305 3401 443 3475 Domine,
459 3401 583 3461 Tobiam
596 3409 628 3460 et
641 3405 745 3461 Seram
758 3409 790 3460 et
804 3423 917 3460 socrum
934 3401 1018 3459 Petri
1032 3419 1216 3477 puerumque
1230 3400 1358 3459 centuri·

151 3499 225 3572 onis,
240 3499 285 3557 ita
304 3505 335 3557 et
355 3500 420 3571 iste,
435 3500 563 3576 pristina
582 3500 711 3558 sanitate
730 3499 837 3557 animae
858 3505 889 3557 et
908 3497 1038 3573 corporis
1052 3503 1178 3571 recepta,
1193 3496 1358 3572 gratiarum

150 3596 208 3653 tibi
229 3597 261 3654 in
281 3597 404 3656 ecclesia
423 3603 477 3655 tua
496 3597 606 3656 referat
625 3598 780 3656 actionem.
827 3595 893 3653 'Per
912 3594 1076 3654 Dominum
1096 3599 1231 3650 nostrum
1251 3593 1357 3651 Jesum

152 3691 306 3752 Christum
321 3692 434 3751 Filium
448 3700 544 3752 tuum.

212 3800 338 3858 Oremus
366 3799 532 3858 Dominum
559 3800 665 3858 Jesum
693 3798 847 3857 Christum
875 3803 906 3856 et
932 3816 1000 3855 eum
1028 3795 1111 3855 omni
1141 3794 1357 3872 supplicatione

148 3917 294 3974 rogemus,
309 3904 346 3956 ut
359 3896 439 3955 huno
451 3897 596 3956 famulum
612 3917 701 3955 suum
715 3895 753 3954 N.
769 3915 822 3973 per
835 3903 969 3954 sanctum
983 3893 1121 3972 angelum
1134 3913 1222 3952 suum
1234 3892 1357 3953 visitem

147 4001 180 4054 et
199 3995 350 4054 laetifieare
370 4002 461 4072 etque
481 3997 647 4053 confortare
667 3994 815 4071 dignetur,
832 3992 892 4063 Qui
912 4011 979 4050 cum
1000 3992 1066 4051 Deo
1086 3992 1177 4052 Patre
1190 3998 1221 4050 et
1240 3991 1357 4068 Spiritu

148 4091 257 4152 Sancto
270 4094 349 4152 vivit
363 4099 394 4152 et
408 4100 512 4171 regnat
525 4092 607 4151 Deus
620 4111 673 4170 per
686 4090 787 4150 omnia
799 4089 906 4149 soeculo
919 4089 1101 4148 soeculorum.
1143 4090 1252 4149 Amen

210 4197 321 4258 Oratae.
365 4198 498 4259 Oremus.

208 4296 343 4375 Respice,
359 4296 496 4369 Domine,
511 4296 549 4355 de
562 4293 641 4367 celo,
657 4298 689 4352 et
704 4294 781 4366 vide,
797 4297 828 4351 et
841 4291 932 4349 visita
944 4290 1024 4348 huno
1042 4290 1187 4350 minelum
1199 4297 1288 4349 tuum
1297 4287 1355 4361 N.;

146 4395 311 4476 beneladic
323 4414 401 4467 eum,
416 4396 494 4453 siout
507 4393 679 4453 benedicere
701 4392 840 4470 dignatus
861 4409 892 4448 es
913 4388 1076 4459 Abraham,
1092 4388 1175 4446 Isaac
1197 4393 1228 4446 et
1248 4386 1352 4446 Jaooh

147 4491 266 4569 Aspice,
292 4491 431 4564 Domine,
456 4490 550 4549 oculis
574 4489 643 4562 tuis,
657 4496 688 4548 et
711 4491 791 4568 reple
812 4508 882 4548 eum
905 4485 987 4544 omni
1010 4484 1119 4561 gaudio
1142 4490 1173 4542 et
1196 4482 1303 4541 laetitio
1322 4486 1355 4541 et
