3022 4966
484 280 574 349 Ordo
596 279 643 346 ad
659 279 825 369 saeieoda
846 279 1044 368 Sportealia.
1324 285 1366 350 27

153 489 278 529 omnum
296 468 444 527 decoram
461 466 498 524 ire
515 485 609 524 mareu
626 485 685 525 eoa
702 466 829 539 deuna,
844 475 871 525 et
889 465 932 525 eie
947 465 995 525 νίν
1011 462 1133 523 mulieri
1145 462 1193 523 det
1203 464 1296 541 fidem
1313 485 1368 542 per

152 567 238 626 rerba
251 566 287 624 de
294 562 437 641 prmeote‘
449 563 494 621 ita
507 562 614 636 dicere,
628 561 782 622 Sacerdote
794 562 909 622 doeerte
917 586 928 622 .·

215 658 299 717 Here
320 657 338 714 Ι
359 656 430 715 take
454 654 508 713 the
527 654 568 713 N.
590 660 624 712 to
648 674 700 731 my
720 654 844 713 wedded
863 654 950 731 wyse,
972 660 1005 712 to
1030 653 1109 712 haue
1127 652 1188 712 end
1213 659 1246 712 to
1269 652 1366 724 holde,

152 758 186 813 at
203 753 298 813 boddo
317 750 378 810 end
397 757 430 810 ot
447 750 549 822 borde,
568 750 615 808 for
632 750 733 826 fuyrer
752 750 798 808 for
816 749 941 822 fouler‚'
958 750 1008 808 for
1026 749 1126 807 better
1147 748 1194 807 for
1213 768 1315 822 werse,
1334 749 1367 807 in

153 850 290 909 sekeness
304 849 364 906 oud
377 847 411 905 in
424 847 500 919 hele,
515 847 562 923 tyl
576 846 665 905 dethe
678 865 715 904 us
727 845 880 923 deportet
892 845 951 904 ond
965 845 1084 904 thereto
1097 845 1116 903 I
1130 844 1238 924 plyght
1250 845 1303 904 the
1315 865 1368 922 my

152 936 273 1005 trouthe
286 965 294 1004 ι
315 963 441 1002 reanum
453 941 634 1002 retrahendo.

214 1038 330 1097 Deinde
343 1037 424 1095 dieat
437 1034 544 1093 mulr'er
556 1034 709 1094 Saoerdote
722 1033 837 1094 dooerete
846 1057 857 1094 .·

215 1129 300 1188 Here
313 1129 331 1187 I
345 1128 416 1186 take
429 1127 482 1186 the
495 1127 536 1186 lt.
548 1133 581 1184 to
594 1127 631 1185 bo
641 1146 692 1204 my
703 1126 826 1185 wedded
839 1125 1002 1198 husbande‚
1013 1130 1047 1184 to
1060 1124 1138 1184 lraue
1148 1124 1208 1184 ant
1222 1131 1255 1184 to
1267 1125 1364 1199 holde‚

151 1227 186 1281 at
206 1221 300 1279 boddo
320 1220 381 1279 aud
400 1226 433 1278 st
451 1219 551 1292 borde,
571 1219 620 1277 for
641 1219 741 1296 foyrer
763 1219 811 1277 for
830 1217 955 1291 souler‚*
974 1218 1022 1278 for
1041 1218 1141 1278 better
1159 1218 1207 1276 for
1226 1237 1312 1293 wors,
1331 1219 1365 1277 in

151 1315 276 1374 sekenes
289 1313 349 1372 ond
366 1312 400 1371 in
417 1313 512 1386 holth,
527 1313 585 1389 tyll
599 1312 688 1372 (lethe
702 1332 737 1371 us
751 1312 904 1390 deputer
919 1311 979 1371 ond
997 1312 1082 1372 there
1095 1317 1128 1370 to
1146 1312 1164 1370 Ι
1183 1311 1289 1390 plyght
1310 1313 1362 1373 the

151 1428 203 1486 my
216 1408 358 1467 trouthe:
378 1426 503 1465 manum
516 1406 697 1466 retralmedo.

214 1501 328 1561 Deinde
350 1509 447 1578 portat
466 1500 513 1558 oir
536 1519 656 1574 aarum,
678 1507 834 1576 oracutum
854 1508 881 1559 et
900 1498 1050 1558 morotum
1070 1517 1157 1576 cuper
1180 1507 1296 1558 oratam
1321 1500 1366 1560 rel

152 1596 267 1655 tiorum.
310 1593 351 1650 Et
363 1600 477 1669 qeeoerat
489 1591 632 1651 Sacerdos
643 1592 672 1650 si
684 1591 819 1650 annulae
826 1591 929 1666 faerit
946 1591 1109 1652 benedictae
1121 1590 1167 1651 rel
1176 1611 1239 1652 aare
1257 1601 1364 1654 antea:

150 1689 177 1748 si
190 1686 356 1762 amesaerit
370 1685 541 1757 benedictae,
557 1695 628 1744 torte
641 1685 789 1745 botedioot
802 1684 943 1745 Sacerdm
954 1684 1102 1744 annulum
1116 1684 1168 1744 loo
1180 1685 1266 1744 modo
1275 1710 1286 1746 .·

211 1781 252 1839 In
265 1779 386 1838 nomine
400 1778 501 1844 Patris
515 1783 546 1836 et
560 1777 633 1835 Filii
646 1783 678 1836 et
691 1777 822 1855 Spiritus
836 1777 947 1836 Sancti.
991 1777 1103 1837 Amen.
1145 1777 1280 1837 Oremus

211 1872 341 1932 Benedio
355 1871 485 1929 Domine
507 1870 654 1928 annulum
672 1871 760 1942 huno,
776 1890 865 1947 quem
884 1890 939 1929 noe
956 1871 989 1928 in
1007 1876 1061 1930 tuo
1078 1871 1200 1930 nomine
1217 1871 1363 1931 benedici-

151 1965 247 2041 mus,‡
261 1972 297 2023 ut
311 1984 378 2041 quae
396 1982 461 2021 eam
479 1963 646 2039 portaverit
663 1962 696 2020 in
714 1969 769 2020 too
787 1982 858 2038 paee
875 1962 1018 2020 consistat
1035 1969 1066 2020 et
1083 1964 1117 2021 in
1135 1969 1190 2022 tuo
1206 1962 1363 2023 voluntate

151 2061 333 2135 permaneat,
348 2059 380 2113 et
397 2054 431 2110 in
449 2072 549 2111 amore
568 2060 622 2111 tuo
640 2054 725 2112 vivat
743 2058 775 2110 et
792 2059 925 2112 senescat
937 2060 969 2112 et
987 2053 1204 2130 multiplicetur
1220 2054 1255 2112 iu
1272 2054 1364 2134 lougi-

151 2148 290 2206 tudinem
303 2146 429 2203 diemm.
472 2144 533 2201 Per
546 2142 700 2201 Christum
714 2143 881 2201 Dominum
893 2149 1040 2202 nostrum.
1081 2145 1192 2205 Amen.

214 2239 288 2296 Atto
308 2237 419 2296 Oratio.
463 2235 588 2293 Oreotor
606 2241 637 2292 et
655 2240 847 2293 conservator
864 2234 989 2293 humani
1009 2237 1135 2311 generis,
1154 2237 1241 2295 dator
1260 2240 1363 2315 gratio

153 2329 326 2410 spiritualis,
342 2327 468 2403 largitor
483 2331 595 2384 oeterne
613 2326 728 2400 salutis,
741 2332 778 2385 tu
797 2326 936 2399 Domine,
951 2326 1091 2404 permitte
1110 2327 1362 2409 benedictionomt

153 2431 239 2482 tuam
253 2441 343 2498 super
355 2420 436 2477 huno
450 2418 596 2478 famulum
609 2425 697 2477 tuum
711 2423 742 2478 et
754 2438 845 2496 super
856 2418 934 2478 hano
946 2418 1089 2477 famulam
1099 2425 1193 2495 tuom,
1206 2426 1244 2479 ut
1256 2427 1363 2485 armati

152 2518 268 2575 virtute
278 2513 403 2574 coelestis
413 2511 592 2571 defensionis
601 2511 759 2589 proficient
769 2513 807 2571 sd
817 2518 959 2571 oeternum
970 2512 1105 2573 salutem.
1128 2512 1188 2573 Per
1197 2515 1362 2577 Dominum

152 2616 290 2669 nostrum
303 2608 327 2666 J
327 2625 411 2665 esum
425 2604 587 2664 Christum.

214 2703 299 2761 Tune
326 2707 500 2776 arperootor
519 2719 601 2775 aqua
621 2699 767 2758 beoedida
790 2719 878 2776 euper
898 2698 1055 2759 annulum.
1098 2701 1213 2763 Deinde
1236 2704 1362 2782 acceptat

149 2815 273 2875 oporteat
291 2792 440 2854 cordon
459 2813 527 2851 eom
544 2791 639 2852 tribuo
654 2791 873 2869 pdnmjrolibae
891 2792 1002 2870 diqitr'e,
1021 2802 1047 2852 et
1064 2793 1178 2856 docente
1191 2796 1361 2875 Presbytero

150 2889 294 2966 incipiens
311 2907 332 2945 o
344 2884 450 2962 pollice
463 2905 583 2962 eponeoe,
599 2884 639 2943 In
657 2885 778 2943 nomine
800 2882 927 2959 Pat1is5'
938 2887 980 2945 ad
997 2888 1158 2948 seeundum
1176 2889 1314 2967 docitem,
1328 2901 1360 2954 et

151 2981 241 3054 Filii3
268 2981 309 3039 ad
334 2978 455 3037 tertium
476 2977 614 3052 dicituro,
636 2984 667 3037 et
690 2976 822 3055 Spiritus
843 2978 963 3052 Sancti5
991 2979 1034 3039 ad
1057 2991 1198 3056 quartum
1221 2984 1358 3060 diyitom,

150 3072 279 3132 videlicet
303 3069 457 3142 medicum,
482 3068 581 3127 dicerer
608 3069 708 3128 Amen
717 3089 726 3142 ;
757 3080 783 3129 et
806 3070 849 3129 itt
871 3072 1005 3131 dimittat
1027 3073 1175 3134 annulum
1199 3078 1360 3137 rectoriam

151 3167 296 3225 decretum
326 3182 392 3223 m.
422 3162 577 3238 qeaeete'orre
603 3182 629 3223 o.
659 3162 799 3236 Femineo,
820 3165 862 3223 ad
880 3168 995 3241 finem:
1023 3166 1097 3243 qaia
1123 3168 1158 3226 ire
1184 3170 1295 3232 medica
1318 3182 1359 3232 eat

150 3264 288 3339 qruedam
302 3279 374 3319 terta
382 3258 541 3335 procedere
554 3277 644 3333 resque
658 3257 700 3317 od
712 3279 767 3318 cor.

214 3356 300 3414 Turro
313 3352 393 3410 dieat
406 3369 529 3427 oportue
543 3359 778 3412 concremarem
790 3373 911 3431 marea,
926 3355 1040 3414 docente
1053 3355 1227 3418 Sacerdote:

212 3445 301 3504 With
312 3444 374 3502 this
384 3462 478 3520 ryugo
488 3442 505 3500 I
516 3444 618 3503 reddo
629 3445 688 3517 the,
700 3444 760 3503 oud
770 3446 845 3504 with
855 3446 918 3504 this
927 3446 1013 3523 goldo
1023 3447 1082 3505 ond
1096 3449 1187 3507 siluer
1197 3450 1216 3508 I
1226 3450 1358 3512 honoure

150 3541 212 3612 the,
227 3537 287 3596 ond
300 3535 376 3594 with
388 3534 450 3593 this
462 3535 528 3612 gytt
541 3535 559 3593 I
574 3535 656 3595 dowe
670 3535 748 3594 thee.

211 3629 353 3690 Sacerdos
369 3627 524 3703 interroqet
544 3626 638 3687 dotem
655 3628 789 3688 molier-ic
799 3653 809 3689 .·
830 3629 940 3689 tancti
957 3638 1036 3688 terra
1053 3630 1089 3688 ire
1106 3631 1200 3691 dotem
1217 3632 1245 3692 eo'
1262 3633 1356 3709 detor,

145 3725 285 3804 procidat
299 3721 354 3781 itta
367 3722 408 3779 ad
417 3721 506 3796 pedee
518 3720 586 3792 oiri,
602 3730 629 3780 et
641 3721 722 3780 duat
734 3719 876 3781 Sacerdos
888 3722 939 3781 Iros
952 3741 1051 3781 oereem
1060 3747 1070 3783 .·

212 3815 335 3889 Mando,
351 3813 443 3887 Deus,
457 3812 566 3870 virtuti
584 3819 665 3872 tuae:
687 3813 828 3872 confirma
841 3814 905 3888 hoc,
921 3815 1013 3889 Deus,
1028 3816 1108 3894 quod
1128 3824 1266 3896 operatus
1280 3839 1311 3880 es
1324 3821 1356 3880 in

149 3909 245 3970 nobis.
287 3908 319 3967 A
335 3904 444 3983 templo
458 3910 561 3963 sancto
574 3911 628 3963 tuo
642 3906 721 3983 quod
735 3913 780 3965 est
793 3907 825 3965 in
839 3907 1048 3970 Hierusalem:
1069 3909 1126 3969 tibi
1140 3912 1265 3972 offerent
1275 3933 1356 3993 reges

149 4021 283 4061 munero
326 3999 452 4075 Increpa
464 3997 542 4056 semo
552 3997 726 4057 arundinis:
747 4001 934 4078 congregatio
943 4007 1099 4060 taurorum
1113 4004 1145 4062 in
1157 4005 1252 4065 vaceis
1265 4025 1355 4085 popu·
1463 4058 1467 4062 a

149 4096 266 4154 lorum:
286 4100 322 4152 ut
335 4091 496 4151 excludent
508 4109 558 4148 eos
571 4091 624 4166 qui
638 4092 758 4169 probati
770 4099 842 4152 sunt
855 4100 985 4172 argento.
1029 4093 1132 4154 Gloria
1146 4095 1238 4156 Petri.

196 4212 208 4236 ¹
225 4209 268 4256 All
278 4208 318 4255 the
328 4206 401 4254 MSS.
413 4204 451 4251 ior
465 4203 587 4249 “leuior''
597 4205 658 4250 horo
673 4205 806 4264 “layther”
821 4221 849 4253 or
863 4207 988 4268 “loyror.''

195 4283 208 4342 †
219 4282 253 4327 At
261 4279 383 4341 thisplsce
392 4277 424 4324 oll
435 4276 477 4322 the
487 4274 628 4322 MSS.hsre
638 4277 664 4321 in
671 4276 713 4323 the
726 4281 779 4325 text
788 4291 815 4324 or
824 4278 850 4324 in
859 4280 963 4337 margin,
977 4278 1017 4324 “ii
1026 4278 1144 4338 holykirk
1155 4281 1175 4327 lt
1183 4280 1355 4342 willordaynl'

196 4359 210 4418 ζ
227 4356 296 4402 York
306 4355 406 4402 lta-‘⁴
414 4333 649 4416 bene>1⁴dicimus.”
836 4351 850 4413 S
866 4351 935 4398 York
945 4339 1310 4422 tls.-“bone›1‹diotion0m.”
