3022 4966
521 294 772 365 Boudictiorm
795 296 976 364 Ceterulee.
1285 299 1348 362 105

148 488 211 543 hte
235 480 407 541 &monum
432 486 465 541 et
489 480 637 559 superasti
667 478 802 558 pmioue
828 486 884 538 tua
910 484 1110 555 suggestorem
1141 476 1264 555 peceati,
1291 478 1345 554 qui

148 578 296 661 pudebat
306 580 341 639 in
352 577 588 657 prevaricatione
605 578 696 655 primi
715 577 845 637 hominis
857 597 911 655 per
923 576 1051 635 vetitum
1067 574 1191 653 lignum.
1234 574 1348 633 Sancti-

149 676 211 753 ἦα,
223 676 365 753 Domine,
377 676 462 735 istud
480 675 665 754 menium
684 675 827 753 passionis
849 682 919 745 tuse,
933 680 969 732 ut
981 673 1023 733 eit
1035 672 1165 733 inimicis
1177 672 1238 729 tuis
1250 673 1346 730 obsta·

149 774 248 835 culum
270 780 305 835 et
326 772 515 835 erodentibus
538 774 572 831 in
590 778 622 831 te
641 779 818 850 perpetuum
837 772 908 831 vites
928 772 1074 831 efficiatur
1093 768 1245 827 vexillum.
1287 767 1348 826 Per

153 872 324 933 Dominum

208 966 285 1051 [Hie
297 970 352 1027 det
358 968 515 1046 paroeciae
527 986 648 1027 mrem.

208 1066 324 1143 Atripe
349 1064 535 1143 mgnacrrlum
562 1069 671 1123 sancte
698 1064 792 1121 crucis
817 1063 851 1119 in
878 1082 938 1140 qua
964 1064 1042 1122 salus
1069 1064 1174 1122 mundi
1200 1064 1349 1143 pependit,

155 1162 268 1221 ulmus
279 1161 425 1239 sunguine
436 1161 591 1220 mundum.

209 1259 296 1319 Dum
301 1257 431 1337 ponitur
442 1276 530 1335 super
538 1258 738 1317 rusticantum
750 1276 832 1331 crum
846 1258 1092 1317 dicantur—MS.
1107 1256 1217 1339 Yorlr.]

209 1356 356 1417 henne
399 1355 460 1426 Qui
472 1355 597 1414 habitet

212 1452 358 1513 Perimes.
401 1454 514 1513 Levavi
527 1455 634 1513 oculos

212 1548 358 1610 Pnlmm.
401 1550 449 1609 De
461 1551 624 1629 profrmdis.

211 1646 309 1725 Kyrie
322 1646 450 1725 eleyson.
493 1648 612 1707 Christe
625 1649 752 1726 eleyson
796 1649 892 1727 Kyrie
906 1649 1032 1727 eleyson.

213 1744 306 1803 Pater
316 1751 426 1803 noster.
468 1744 510 1802 Et
522 1764 561 1803 ne
573 1764 635 1803 nos.

213 1838 277 1919 Ego
289 1840 364 1915 dixi,
378 1842 516 1913 Domine,
530 1842 669 1900 miserere
683 1843 749 1900 mei.

213 1936 336 1997 Salvum
349 1938 396 1997 fac
409 1958 527 1997 sewum
541 1946 636 1997 tuum.

213 2032 402 2107 Convertere,
416 2036 555 2111 Domine,
571 2056 664 2114 usque
677 2056 743 2112 quo.

214 2130 288 2191 Mo
299 2132 338 2205 ei,
352 2132 490 2205 Domine,
505 2134 597 2192 turris
609 2134 796 2193 fortitudinis
809 2156 815 2192 :

252 2230 286 2289 A
297 2230 374 2289 fecie
384 2230 508 2289 inimici.

213 2324 352 2402 Domine,
365 2328 476 2386 exaudi
488 2328 651 2385 orationem
664 2346 778 2386 meum:

252 2422 296 2481 Et
308 2424 419 2482 clamor
430 2443 515 2481 meus
527 2423 566 2482 ad
579 2429 611 2481 te
623 2424 733 2482 veniet.

213 2518 363 2579 Dominus
375 2522 536 2579 uobiscum.
579 2521 713 2579 Cremus.
757 2521 866 2580 Oratio.

213 2616 338 2691 Adesto,
366 2618 502 2692 Domine,
528 2620 792 2695 supplicationibus
815 2618 934 2691 nostris,
956 2624 987 2675 et
1013 2617 1093 2674 viam
1119 2614 1225 2674 famuli
1248 2614 1295 2672 tui
1318 2616 1351 2673 iu

156 2710 259 2773 ululis
284 2720 346 2771 tuus
372 2717 566 2793 prosperitate
593 2717 782 2793 disponent
805 2716 886 2773 inter
908 2733 1009 2772 omues
1032 2714 1122 2792 hujus
1146 2714 1201 2771 vise
1225 2719 1256 2771 et
1279 2713 1351 2771 vitre

155 2810 313 2869 cessate
325 2816 380 2870 tuo
392 2830 506 2890 semper
519 2819 691 2890 protegetur
704 2813 824 2870 auxilio.
868 2812 928 2869 Per
941 2811 1094 2869 Christum
1108 2811 1279 2869 Dominum.

213 3004 307 3078 Deus,
321 3006 375 3083 qui
387 3006 580 3085 diligentibus
592 3014 624 3065 te
637 3007 869 3066 misericordiam
886 3013 970 3066 tuem
986 3028 1102 3085 semper
1119 3007 1275 3084 impendis,
1290 3012 1321 3063 et
1334 3026 1353 3063 a

155 3101 350 3161 urientibus
371 3103 429 3161 tibi
441 3105 473 3162 in
487 3105 572 3163 nullu
584 3124 615 3164 es
628 3105 748 3182 regione
767 3104 965 3181 longinquus;
987 3105 1081 3182 dirige
1094 3104 1174 3162 viam
1188 3103 1293 3161 famuli
1306 3102 1353 3160 tui

155 3196 185 3259 in
196 3200 357 3259 voluntate
369 3207 432 3273 tua,
442 3209 478 3260 ut
493 3210 525 3261 te
538 3209 704 3279 protectore
717 3208 748 3260 et
762 3208 792 3259 te
805 3202 941 3278 praeduce
954 3222 1007 3279 per
1015 3202 1143 3279 justitiae
1156 3203 1276 3259 semitas
1289 3201 1353 3258 eine

157 3296 316 3357 Mons
327 3298 489 3375 gradiatur.
534 3301 593 3359 Per
606 3299 770 3358 Dominum
784 3305 927 3357 nostmrm.

214 3392 276 3453 llio
289 3392 391 3452 vadat
403 3395 430 3453 ei
442 3397 643 3456 vestimentum
657 3418 724 3455 cum
737 3417 828 3469 nuce,
843 3396 959 3454 diceres:

212 3490 330 3569 Aom'pe
341 3492 554 3553 vestimentum
568 3514 654 3553 eruce
674 3493 799 3552 Domini
818 3491 974 3550 salvatoris
993 3489 1152 3567 signatum,
1167 3493 1203 3544 ut
1214 3506 1268 3564 per
1280 3485 1356 3544 illud

158 3586 234 3647 {lus
249 3594 284 3647 et
302 3587 470 3647 benedictio
491 3596 523 3648 et
536 3590 633 3648 virtus
645 3609 784 3668 prospere
803 3586 1014 3666 proficiscendi,
1028 3586 1066 3642 acl
1082 3584 1249 3661 sepulcrum
1262 3582 1355 3659 ipsius

97 3706 101 3711 ·
158 3680 212 3743 libi
223 3685 393 3745 comitetur.
436 3686 578 3757 Quicum
592 3687 693 3745 Patre.

215 3778 343 3863 [Oratio.

213 3878 255 3937 ln
277 3880 400 3939 nomine
423 3880 538 3941 Sanotoe
559 3888 591 3941 et
610 3881 780 3940 Individuse
803 3880 968 3940 Trinitatis.
1015 3881 1063 3939 Sit
1082 3879 1139 3938 tibi
1158 3878 1214 3935 hoo
1233 3875 1352 3954 signum

159 3982 263 4035 unm
272 3977 369 4035 mucis
376 3978 485 4055 jugum
495 3978 608 4039 Christi
620 3986 810 4038 mansuetum
820 3986 851 4039 et
860 3981 933 4051 leve,
944 3985 976 4037 et
985 3978 1129 4055 protectio
1139 3980 1248 4035 sanetur
1261 3974 1357 4033 erucis

159 4072 306 4133 mtodiat
317 4078 358 4147 te,
372 4080 404 4133 et
416 4076 454 4133 ad
468 4075 660 4136 Hierusalem
673 4077 818 4137 celestem
833 4083 865 4134 te
877 4075 1021 4154 perducet
1034 4074 1096 4147 Qui
1108 4073 1186 4134 vivit
1198 4079 1231 4132 et
1243 4076 1355 4149 regnat.

214 4266 301 4329 Deus
320 4266 447 4328 infinite
468 4270 685 4343 misericordiae,
706 4271 870 4349 mejestatis
891 4273 1050 4345 immensus,
1073 4290 1163 4349 quem
1183 4288 1239 4327 neo
1259 4266 1356 4344 spatia

158 4356 288 4425 lotum
307 4383 365 4425 neo
384 4367 543 4427 intervella
564 4375 732 4447 temporum
744 4368 783 4428 ab
795 4367 842 4426 his
855 4386 929 4445 ques
942 4368 1036 4426 tueris
1048 4369 1217 4446 sbjungtmt
1224 4385 1235 4440 5
1254 4364 1356 4421 sdeeto
