3022 4966
720 356 838 424 otoo
859 340 1048 423 sem
1159 308 1163 317 ’

666 588 717 646 Da
738 587 892 646 Exmsua
913 587 1085 646 chuoun

327 737 505 798 Notandum
519 744 617 795 temen
636 743 686 807 est,
700 735 780 811 quod
799 735 899 794 erectio
921 755 981 793 non
1001 735 1090 815 debet
1094 734 1186 810 finiri
1203 743 1363 810 ormnem
1377 733 1482 810 sonno

266 836 451 917 incipientem
471 855 522 895 nco
531 833 638 910 sorece
650 833 742 909 finiri
762 842 921 909 amquam
941 834 1041 892 erectio
1058 833 1230 909 incipiatur.
1273 832 1358 891 Huic
1372 854 1482 895 eoncor-

266 937 320 995 dot
333 937 446 994 dictum
459 934 538 992 Secti
551 952 641 1009 super
653 932 691 990 io.
709 932 776 989 dist.
792 932 842 990 cii.

232 1055 237 1065 ·
328 1033 413 1092 Tunc
422 1031 563 1090 Sacerdos
576 1029 702 1106 accipiet
716 1028 811 1088 oleum
824 1029 1012 1104 infimorum
1030 1049 1118 1104 super
1126 1027 1262 1104 pollicem
1275 1029 1416 1086 demtum
1423 1049 1437 1099 ,·
1456 1035 1482 1088 tt

264 1131 307 1190 eie
320 1151 386 1190 cion
395 1130 500 1207 pollice
521 1137 625 1203 toopet
644 1128 799 1202 infirmum
812 1127 871 1186 olco
884 1136 993 1199 sancto,
1009 1127 1127 1202 cipetum
1147 1127 1243 1184 mucis
1253 1126 1376 1199 faciens
1396 1145 1484 1204 super

264 1237 422 1304 utrumque
448 1227 566 1286 oeuhtm
589 1225 713 1302 infirmi,
737 1223 906 1301 incipiendo
933 1225 975 1282 od
1001 1224 1134 1281 munim
1162 1223 1289 1298 oculum,
1317 1223 1371 1282 lsoc
1398 1225 1484 1284 modo

267 1325 384 1385 dicens:

325 1423 385 1482 Per
397 1423 487 1481 istam
501 1409 634 1479 sanctam
648 1416 869 1500 unoffltionem
883 1424 913 1477 et
928 1438 1012 1477 susm
1026 1418 1188 1495 piissimam
1203 1418 1439 1478 misericordiam
1452 1426 1483 1480 et

264 1539 317 1598 per
330 1520 573 1578 intercessionem
593 1519 689 1576 beate
710 1517 816 1575 Mariae
838 1517 965 1594 virginis
983 1523 1014 1575 et
1032 1518 1166 1575 omnium
1188 1523 1369 1591 sanctorum,
1385 1517 1482 1576 indul·

264 1623 333 1694 gest
345 1617 403 1674 tibi
418 1615 567 1672 Dominus
580 1613 723 1691 quicquid
735 1614 866 1691 peccasti
878 1632 932 1690 per
945 1614 1050 1671 visum.
1094 1615 1202 1670 Amen.

324 1711 444 1786 Semper
457 1711 535 1769 enim
555 1710 680 1785 accipiet
693 1708 834 1767 Sacerdos
847 1708 882 1766 de
891 1708 1035 1784 predicto
1049 1709 1107 1767 oleo
1128 1709 1317 1793 infirmorum
1329 1718 1358 1769 et
1370 1730 1433 1769 teon
1445 1710 1480 1770 ob

263 1806 332 1879 olio,
345 1807 434 1865 donee
448 1826 545 1864 omncs
557 1814 703 1881 sequentes
717 1806 868 1865 unctiones
873 1805 1038 1881 finientur.

327 1900 379 1961 Ae
393 1922 488 1961 eures.

327 1999 388 2057 Per
408 2000 498 2057 istem
513 2003 646 2056 sanctem
667 1996 888 2080 uncffltionem
909 2005 940 2057 et
960 2018 1044 2056 suam
1065 1998 1230 2075 piissimam
1249 1999 1481 2059 misericordiam

264 2102 295 2156 et
308 2116 361 2174 per
376 2096 619 2154 intercessionem
641 2096 735 2153 beatae
758 2095 864 2153 Mariae
886 2094 1013 2172 virginis
1033 2102 1064 2152 et
1085 2097 1219 2152 omnium
1240 2103 1420 2172 sanctorum,
1435 2098 1478 2155 in·

263 2193 385 2272 dulgest
398 2193 458 2252 tibi
471 2192 621 2252 Dominus
635 2191 778 2269 quicquid
791 2192 919 2268 peccasti
933 2211 986 2268 per
999 2192 1144 2250 auditum.
1187 2193 1297 2252 Amen.

324 2291 376 2350 At
390 2289 480 2349 lobio.

326 2387 386 2445 Per
406 2387 496 2445 istem
510 2390 644 2445 sanctam
663 2380 885 2464 uncffitionem
906 2390 937 2442 et
957 2403 1042 2441 suam
1063 2372 1228 2461 piissimam
1248 2385 1479 2446 misericordiam

263 2489 294 2543 et
309 2503 361 2561 per
374 2484 615 2542 intercessionem
629 2483 723 2540 beetae
739 2480 845 2539 Marios
859 2481 984 2558 virginis
998 2488 1029 2539 et
1042 2482 1177 2540 omnium
1191 2489 1373 2557 sanctorum,
1384 2484 1479 2543 indul·

263 2587 331 2657 goat
359 2580 416 2637 tibi
444 2571 593 2637 Dominus
627 2576 770 2655 quicquid
804 2578 932 2654 peccasti
959 2596 1013 2653 per
1038 2584 1160 2654 grisium
1187 2584 1219 2637 et
1246 2579 1354 2640 illicite
1380 2582 1476 2640 verbo„

265 2675 375 2737 Amen.

326 2772 377 2828 Ao
391 2791 486 2843 nores,
502 2771 601 2828 dicens
610 2794 620 2830 :

328 2867 387 2924 Per
408 2868 496 2924 istam
511 2873 644 2924 sanctem
665 2866 886 2947 unoffltionem
907 2874 938 2926 et
959 2888 1042 2926 suam
1064 2870 1228 2946 piissimam
1249 2871 1479 2931 miscricordiam

266 2969 298 3020 et
311 2982 363 3040 per
379 2963 619 3021 intercessionem
642 2963 736 3021 bostro
759 2965 864 3022 Mariae
887 2964 1012 3040 virginis
1032 2971 1063 3021 et
1087 2967 1221 3023 omnium
1242 2973 1424 3041 sanctorum,
1439 2970 1480 3027 in·

269 3059 390 3136 dulgest
404 3060 462 3117 tibi
476 3060 623 3118 Dominus
637 3061 778 3137 quicquid
792 3062 920 3138 peccasti
933 3081 986 3137 per
1000 3062 1164 3121 odoratum.
1207 3064 1316 3122 Amen.

326 3157 441 3214 ilarius
455 3157 569 3232 infirmi
586 3157 749 3216 Sacerdotis
769 3158 868 3216 detonet
882 3159 990 3232 incoepi
1004 3159 1185 3234 inpartibus
1197 3161 1396 3235 exterioribus,
1411 3182 1481 3222 nom

266 3261 292 3312 et
312 3253 462 3329 episcopos
482 3253 606 3329 erepebat
626 3255 660 3311 in
675 3254 815 3330 portibus
831 3255 1027 3313 interioribus.
1068 3256 1183 3313 Morsus
1196 3276 1262 3315 oeno
1282 3259 1482 3336 cujuscunque

269 3349 392 3410 alterius
405 3352 521 3427 infirmi
534 3351 633 3409 debent
647 3352 722 3426 unpe'
735 3351 868 3410 interius.

330 3448 557 3524 Superveniens,
573 3450 690 3507 dicens:

331 3546 390 3604 Per
410 3546 499 3604 istam
513 3553 646 3604 sanctam
667 3542 885 3623 unoffltionem
909 3550 939 3601 et
960 3564 1044 3602 suam
1066 3546 1228 3621 piissimam
1248 3549 1480 3608 misericordium

267 3649 299 3702 et
311 3661 365 3720 per
384 3644 625 3702 intercessionem
647 3642 740 3698 bestie
762 3640 867 3697 Mariae
889 3641 1014 3716 virginis
1036 3648 1067 3698 ot
1090 3643 1223 3699 omnium
1244 3654 1425 3719 sanctorum,
1440 3647 1481 3703 in·

267 3741 389 3818 dulgeat
415 3742 472 3798 tibi
500 3740 648 3797 Dominus
676 3737 819 3814 quicquid
845 3738 974 3814 peccasti
1001 3757 1054 3815 per
1077 3745 1191 3796 tectum
1213 3747 1245 3798 ct
1269 3745 1478 3819 operationem.

270 3837 379 3895 Amen.
468 3882 472 3888 .

331 3934 382 3990 Ao
390 3933 487 4007 pedes,
504 3932 602 3989 dicens
611 3955 621 3990 :

331 4029 390 4086 Per
410 4029 499 4085 istam
513 4036 646 4085 sanctam
658 4025 872 4108 uncffitionem
887 4034 918 4085 et
930 4047 1015 4085 suam
1028 4029 1192 4105 piissimam
1205 4031 1440 4093 misericordium
1453 4040 1482 4093 et

269 4146 323 4209 per
336 4127 575 4186 intercessionem
589 4128 683 4183 bestae
698 4127 803 4183 Merite
817 4127 941 4203 virginis
953 4135 983 4184 et
993 4129 1127 4185 omnium
1138 4138 1318 4207 sanctorum,
1329 4134 1482 4214 indulgent

269 4226 327 4284 tibi
341 4225 490 4284 Dominus
503 4224 645 4301 quicquid
658 4224 785 4300 peccasti
798 4243 852 4301 per
864 4225 1009 4282 incessum
1024 4227 1140 4302 pedum.
1183 4224 1289 4288 Amen.

331 4322 383 4382 Ad
394 4341 449 4392 coc,
465 4322 582 4380 dicem:

332 4420 392 4480 Per
405 4412 494 4481 istam
513 4425 645 4480 sanctem
659 4416 871 4498 uncptionem
885 4425 917 4479 ot
929 4439 1014 4481 susm
1027 4420 1190 4499 piissimam
1208 4422 1442 4487 misericordiam
1451 4432 1480 4487 et
