3022 4966
445 385 494 450 Ia
508 384 601 450 Festo
615 382 774 449 asisium
788 383 1000 451 Sanctorum.

422 678 462 736 Ia
482 695 538 736 nm
557 676 760 737 Nsrrvrrarrs
780 694 886 736 amre
906 677 1032 738 mmm.

187 830 229 890 In
241 832 322 891 exitu
336 830 581 908 Resporreorium:

188 928 286 988 Solem
296 929 423 1006 justitiae
437 948 536 1006 regem
549 928 684 1005 paritura
697 948 876 1005 supremum,

169 1098 171 1102 Ι
188 1024 281 1083 Stella
296 1026 395 1083 Maria
408 1027 497 1084 maris
510 1025 598 1084 hodie
611 1026 752 1103 processit
764 1026 802 1083 ad
815 1032 923 1084 ortum.

134 1119 163 1179 V.
188 1121 314 1181 Cernere
328 1122 464 1180 divinum
477 1123 579 1181 lumen
593 1122 719 1200 gaudete
732 1122 841 1181 fideles.
884 1122 984 1182 Stella

189 1217 292 1276 Gloria
305 1218 390 1276 Patri
404 1224 435 1276 et
449 1218 526 1276 Filio
541 1225 571 1276 et
586 1217 713 1295 Spiritui
727 1218 844 1277 Sancto.
888 1219 989 1278 Stella.

186 1312 228 1372 Ia
241 1314 336 1374 eundo
346 1314 575 1392 Respomorium
585 1339 595 1374 :
616 1315 713 1391 Stirps
727 1315 749 1373 J
749 1335 819 1388 esse,
834 1324 860 1374 et
874 1326 972 1375 cetera.

186 1410 238 1469 sd
256 1410 412 1471 introitum
426 1411 525 1487 Ultori,
540 1411 730 1489 Antiphone:
750 1411 840 1470 Alma
861 1414 1061 1491 redemptoris,
1076 1423 1110 1474 ut
1130 1436 1222 1493 repre
1236 1416 1270 1474 in
1283 1415 1331 1476 die

128 1508 254 1568 Parcius.

99 1665 102 1671 .
132 1605 163 1666 V.
177 1605 405 1687 (sacerdotalis).
449 1609 522 1668 Post
535 1614 663 1687 partum.

188 1704 298 1765 Oratrb.

188 1802 440 1880 supplicationem
457 1823 609 1862 servorum
630 1809 761 1876 tuorum,
776 1803 1035 1876 Deusmiserator,
1050 1805 1168 1878 exaudi,
1183 1811 1219 1862 ut
1233 1805 1330 1882 quiin

129 1898 298 1957 Nativitate
322 1900 381 1958 Dei
408 1900 566 1976 genetricis
600 1900 706 1956 Mariae
734 1920 954 1976 congregamur,
983 1902 1046 1977 ejus
1073 1902 1332 1960 intercessionibus

127 2016 145 2055 a
158 2003 188 2054 te
202 1997 238 2055 de
251 1997 434 2054 instantibus
447 1996 586 2073 periculis
600 2016 745 2054 eruamur.
789 1996 849 2053 Per
862 1996 1023 2055 Christum.

468 2254 507 2311 Is
528 2254 628 2312 Fssro
649 2270 774 2312 ousruu
794 2254 993 2330 Smrcroaun,

191 2411 368 2484 Quocunque
382 2409 429 2467 die
442 2409 573 2467 evenerit.

188 2506 241 2565 Ad
246 2506 456 2584 processissem
469 2505 503 2562 iri
517 2505 595 2563 exitu
610 2502 701 2564 Ultori
716 2503 941 2582 Resposaoriam
950 2530 960 2567 :

189 2603 320 2662 Laudem
337 2603 427 2661 dicite
448 2603 513 2660 Deo
533 2598 644 2675 nostro,
660 2621 760 2660 omues
780 2602 876 2659 sancti
897 2605 969 2680 ejus,
985 2610 1015 2661 et
1029 2604 1080 2681 qui
1095 2604 1208 2664 timetis
1222 2607 1329 2679 Deum,

128 2701 230 2778 pusilli
250 2706 281 2758 et
301 2700 409 2777 magni,
424 2699 566 2775 quoniam
584 2698 720 2775 regnabit
742 2698 891 2756 Dominus
909 2699 992 2758 Deus
1015 2706 1115 2759 noster
1135 2702 1328 2778 omnipotens.
1426 2737 1427 2740 =

128 2798 317 2858 Gaudeamus
330 2803 361 2857 et
375 2798 544 2856 exultemus
557 2802 589 2855 et
602 2797 705 2854 demus
718 2796 844 2873 gloriam
857 2797 892 2855 ei.

133 2897 162 2957 V.
187 2898 289 2957 Genus
299 2898 434 2968 electum,
443 2915 515 2974 gens
525 2901 635 2968 sancta,
645 2895 772 2972 populus
782 2895 993 2972 acquisitionis,
1004 2915 1146 2955 memores
1155 2917 1329 2972 memorum,

127 2994 245 3053 laudate
259 2995 368 3052 Deum.
409 2993 604 3052 Gaudeamus.

187 3091 291 3150 Gloria
305 3090 389 3148 Patri
402 3095 433 3148 et
447 3089 525 3147 Filio
539 3097 570 3147 ct
584 3089 711 3166 Spiritui
725 3089 841 3148 Sancto.
885 3089 1080 3152 Gaudeamus.

186 3188 237 3247 At
249 3188 405 3247 introitum
420 3186 511 3247 Obori
524 3187 636 3246 dicitur
649 3185 877 3265 Beaporteorium
885 3209 895 3245 .·

188 3284 321 3344 Goncede
347 3285 441 3352 nobis,
467 3284 605 3359 Domine,
631 3304 808 3361 quaesumus,
832 3285 949 3342 veniam
974 3285 1159 3357 delictorum,
1184 3291 1215 3343 et
1238 3286 1330 3344 inter·

127 3382 298 3441 cedentibus
325 3383 434 3440 sanctis
462 3401 589 3460 quorum
615 3381 703 3440 hodie
729 3382 884 3440 sollemnia
906 3382 1096 3454 celebramus,
1118 3382 1221 3439 Talem
1244 3382 1329 3440 nobis

127 3480 227 3538 tribue
240 3478 426 3537 devotionem
441 3485 475 3536 ut
488 3479 525 3536 sd
539 3498 641 3537 eorum
655 3478 809 3556 pervenire
823 3495 988 3533 mereamur
1001 3476 1178 3534 societatem.

133 3576 163 3635 V.
187 3574 344 3653 Adjuvent
356 3560 411 3634 nos
424 3595 526 3634 eorum
537 3574 652 3649 merita,
663 3593 736 3650 quos
749 3571 868 3650 propria
880 3570 1048 3647 impediunt
1061 3570 1187 3628 scelera:
1208 3577 1329 3629 excuset

127 3673 306 3748 intercessio,
327 3680 445 3733 accusat
468 3693 543 3749 quos
565 3674 644 3732 aetio
656 3692 665 3745 ;
697 3671 801 3747 etqui
827 3670 869 3727 eis
896 3668 1030 3726 tribuisti
1053 3667 1176 3726 ceclestis
1200 3667 1346 3745 palmam,
1425 3724 1428 3731 Α

128 3769 281 3848 triumphi,
296 3771 381 3829 nobis
394 3771 514 3829 veniam
528 3789 587 3827 non
602 3768 726 3844 deneges
739 3765 859 3843 peccati.
903 3764 1013 3821 Talem.

189 3867 293 3927 Gloria
306 3869 393 3926 Patri
406 3875 438 3926 et
452 3868 529 3926 Filio
543 3874 574 3925 et
589 3866 715 3942 Spiritui
729 3866 845 3923 Sancto.
889 3862 1000 3920 Talem.

132 3965 162 4025 r.
178 3948 411 4044 (stersisse).
455 3964 604 4022 missus
619 3963 701 4021 neus
715 3963 747 4020 a
761 3962 870 4020 sanes
884 3961 953 4019 sus

95 4139 101 4146 ι
194 4064 304 4123 Oratio.
710 4085 714 4090 ·

188 4159 385 4236 Omnipotens
408 4157 586 4234 sempiterne
610 4157 701 4229 Deae,
717 4157 771 4235 qui
785 4176 839 4215 nos
860 4154 995 4215 omnium
1018 4157 1186 4212 sanctorum
1207 4157 1328 4213 tuorum

127 4256 234 4316 merita
254 4257 310 4314 sub
331 4275 393 4313 una
412 4254 548 4312 tribuisti
567 4253 766 4312 sollemnitate
786 4253 939 4327 venerari3
966 4251 1074 4323 tribue,
1096 4269 1271 4326 quaesumus,
1292 4257 1329 4310 ut

125 4352 321 4411 desideratam
335 4351 421 4410 nobis
435 4355 496 4408 tuse
509 4348 729 4426 propitiationis
745 4350 960 4408 abundantiam
974 4344 1180 4425 multiplicatis
1192 4347 1330 4407 interaes-

125 4449 257 4509 sionibus
270 4448 412 4527 largiaris
456 4444 516 4503 Per
528 4444 701 4503 Dominum.
