3022 4966
554 335 756 403 Inlrumotio
777 336 1079 433 Defuncti.
1288 346 1348 404 101

178 660 389 737 redemptor
414 660 778 733 me·ns;Do·mi·ne,
823 663 1092 721 re-sus·ei·to
1139 654 1247 722 esum
1280 667 1313 722 in

148 826 665 959 Ἣ

176 973 460 1033 no-vis-si-mo
489 972 591 1031 di-e.

211 1100 309 1179 Kyrie
322 1102 448 1179 eleyson.
491 1101 609 1159 Christe
622 1102 748 1178 eleyson.
791 1102 889 1178 Kyrie
903 1103 1028 1178 eleyson.

210 1198 426 1258 Peter-noster.
469 1199 605 1257 Oremus.

211 1296 349 1369 Oremns,
362 1297 468 1355 fratres
487 1296 641 1369 carissimi,
656 1316 710 1373 pro
725 1297 839 1374 Spiritu
861 1299 922 1355 cori
936 1299 1040 1369 nostri,
1054 1319 1142 1375 quem
1156 1300 1304 1359 Dominus
1317 1303 1354 1359 de
1493 1316 1507 1357 ,-

151 1393 300 1471 ergastulo
322 1394 414 1471 hujus
437 1394 540 1453 saeculi
562 1414 668 1452 vocare
691 1395 831 1472 dignutus
855 1402 909 1467 est,
930 1398 1015 1472 eujus
1038 1399 1243 1473 corpusculum
1266 1401 1354 1458 hodie

150 1488 311 1567 sepulturus
330 1491 470 1563 truditur,
492 1498 528 1549 ut
549 1510 618 1550 eum
640 1492 736 1569 pietus
760 1491 885 1549 Domini
905 1491 938 1548 in
959 1493 1026 1549 sinu
1046 1492 1186 1565 Abruhae,
1208 1494 1300 1567 Isuae,
1323 1502 1354 1553 et

151 1584 245 1645 Jacob
257 1586 401 1645 collocare
413 1588 554 1667 dignetur
564 1609 573 1661 ;
592 1597 629 1647 nt
642 1609 710 1647 cunr
730 1588 791 1646 dies
801 1590 814 1664 j
818 1588 910 1646 udicii
923 1589 1085 1661 advenerit,
1101 1590 1180 1648 inter
1193 1600 1310 1650 sanctos
1323 1602 1354 1652 et

152 1682 258 1743 eleetos
270 1702 340 1742 suos
353 1704 421 1742 cum
435 1685 468 1742 in
481 1685 606 1743 dexteru
625 1693 709 1762 purte
729 1686 928 1744 coronandum
949 1688 1117 1745 resuscitari
1138 1688 1234 1747 fucini.
1278 1690 1354 1747 Prrr-

152 1786 249 1841 dente
262 1781 393 1841 Domino
406 1788 509 1841 nostro
521 1784 543 1842 J
545 1802 597 1841 esu
612 1782 740 1842 Christo.
783 1784 842 1853 Qui
856 1803 923 1841 enm
938 1782 1035 1842 Putre.

211 1878 346 1937 Oremns.
390 1877 500 1938 Oratio.

210 1974 304 2049 Deus,
328 1975 381 2051 qui
399 1975 491 2050 justis
512 1976 777 2053 supplicationibus
800 1996 916 2053 sempor
939 1984 1047 2053 presto
1071 1998 1109 2049 es,
1136 1980 1188 2055 qui
1213 1981 1262 2055 piu
1283 1986 1354 2036 rote

152 2070 281 2151 digneris
299 2072 412 2130 intueri
420 2091 430 2143 ;
451 2071 489 2129 ds
502 2071 614 2130 famulo
635 2079 696 2143 tno,
711 2074 795 2148 cujus
811 2074 990 2149 depositioni
1004 2074 1091 2131 hodie
1110 2075 1205 2131 officia
1218 2075 1352 2131 hume-ui-

154 2167 224 2227 ntis
245 2168 430 2238 exhibemus,
452 2187 520 2226 cum
543 2168 652 2227 sanctis
673 2174 764 2244 utque
787 2168 924 2226 fidelibus
948 2169 1009 2225 tuis
1034 2169 1113 2225 beuti
1134 2171 1265 2227 muneris
1289 2190 1353 2246 por-

153 2264 272 2325 tionem.
316 2265 375 2324 Per
388 2266 549 2323 Christum.

212 2364 347 2423 Oremus.
391 2362 501 2422 Oratio.

211 2460 295 2519 Deus
317 2459 389 2517 vitu
412 2459 552 2517 deteret
578 2458 775 2517 humanorum
804 2480 957 2536 corporum
987 2459 1171 2530 reformator,
1200 2461 1251 2535 qni
1279 2470 1309 2517 ie
1336 2486 1354 2519 n

154 2556 353 2635 peecatoribus
379 2555 496 2613 exorari
523 2555 663 2627 voluisti,
694 2557 802 2614 exaudi
828 2577 927 2633 preces
954 2577 1027 2633 quus
1051 2556 1170 2632 speciali
1197 2557 1354 2617 dovotione

154 2672 206 2731 pro
227 2653 330 2711 enims
355 2651 461 2709 famuli
483 2652 531 2708 tui
551 2652 609 2708 tibi
632 2653 864 2729 lacrymabiliter
887 2654 1048 2725 fundimus,
1077 2661 1113 2710 ut
1140 2654 1265 2712 liberare
1289 2675 1354 2712 enm

155 2750 190 2809 ab
202 2750 388 2809 infernorum
401 2749 581 2808 cruciatibus
598 2756 629 2807 et
642 2750 783 2807 collocare
803 2750 885 2806 inter
905 2752 1024 2827 agmina
1044 2756 1211 2808 sanctornm
1234 2759 1352 2809 tuorum

156 2846 290 2927 digneris,
319 2853 400 2905 veste
428 2866 545 2925 quoqne
573 2846 624 2904 illu
651 2847 760 2905 crelesti
788 2854 819 2904 et
845 2848 921 2904 stola
950 2849 1184 2906 immortulitatis
1211 2850 1295 2907 indui
1324 2866 1355 2908 et

155 2942 287 3003 Perndisi
299 2944 470 3002 nmaenitute
479 2945 585 3020 jubens
599 2944 755 3002 confoveri.
793 2942 852 3000 Per
866 2944 1018 3000 Christum
1030 2945 1193 3002 Dominum
1208 2956 1352 3007 nostruin.

212 3040 348 3101 oremus.
394 3041 503 3099 Oratio.

212 3138 297 3197 Deus
310 3137 364 3213 qui
378 3136 575 3195 humanarum
589 3138 756 3194 urrirnarnrn
776 3141 904 3194 retornus
924 3145 1040 3195 ornator
1053 3158 1092 3209 es,
1107 3140 1235 3197 unimam
1250 3141 1354 3197 furnnli

156 3234 207 3309 ui,
221 3254 312 3312 quam
326 3254 397 3292 vers
416 3234 488 3291 dum
508 3236 541 3291 in
561 3254 681 3310 corpore
702 3239 835 3290 maneret
856 3233 955 3290 tenuit
975 3234 1056 3303 fides,
1071 3235 1108 3291 nb
1123 3237 1204 3292 omni
1222 3239 1354 3295 cruciatu

156 3328 338 3389 infernorum
350 3329 440 3387 redde
454 3336 623 3401 extorrem,
643 3336 678 3386 ut
692 3335 843 3406 segregato
863 3329 900 3385 ab
916 3328 1111 3386 infernalibus
1125 3330 1261 3387 claustris
1275 3352 1354 3388 suno-

156 3432 253 3485 torum
275 3434 398 3485 tuorum
416 3433 566 3483 mereatur
586 3426 721 3501 adjuvari
742 3426 905 3482 consortiis.
949 3425 1009 3481 Per
1033 3425 1195 3481 Dominum
1217 3433 1352 3482 nostr-nni

155 3522 258 3583 suum
271 3524 426 3583 Christum
441 3523 552 3579 Filium
567 3527 660 3579 tunm

215 3622 327 3683 Oratio.
370 3621 441 3680 Sine
456 3620 593 3677 Oremus.

211 3720 400 3782 Temeritatis
421 3718 539 3795 quidem
562 3724 615 3788 est,
633 3718 771 3789 Domine,
787 3725 822 3775 nt
841 3717 929 3775 horno
950 3716 1107 3788 hominem,
1123 3715 1255 3773 mort-ulis
1275 3736 1351 3775 rnor-

155 3820 249 3892 tuum,
262 3817 338 3876 cinis
352 3816 480 3875 cinerem
500 3816 558 3872 tibi
578 3815 707 3872 Domino
726 3815 791 3873 Deo
812 3823 913 3872 nostro
933 3815 1040 3872 undeet
1060 3814 1263 3871 commendare
1273 3835 1281 3887 ;
1302 3818 1352 3874 sed

154 3913 223 3991 quis
234 3920 316 3973 terre
328 3913 452 3990 suscipit
465 3920 575 3971 terrum
589 3918 620 3970 et
630 3911 728 3987 pulvis
742 3913 927 3970 convertitur
940 3912 972 3969 in
983 3912 1144 3988 pulvorem,
1155 3912 1246 3969 donec
1256 3915 1353 3971 omnis

153 4028 218 4069 etro
230 4012 265 4069 in
277 4030 362 4069 suam
382 4010 535 4087 redigetur
554 4008 707 4084 originem,
722 4009 791 4066 inde
806 4015 897 4083 tunm,
913 4009 1005 4082 Deus,
1020 4009 1150 4086 piissime
1164 4015 1255 4086 puter,
1272 4011 1353 4068 lncri-

152 4106 311 4181 mnbiliter,
339 4126 516 4185 quaesnmus,
541 4106 691 4183 pietatem,
716 4112 752 4162 ut
777 4105 868 4181 hujus
895 4105 999 4163 somnii
1027 4108 1072 4163 ini
1100 4106 1238 4179 aniruarn,
1263 4128 1352 4183 annn

152 4202 188 4265 d·
202 4205 311 4263 mnndi
323 4204 414 4281 hujus
426 4203 566 4279 voragine
579 4201 744 4260 coenulenta
765 4202 847 4260 ducis
860 4203 897 4260 ud
912 4204 1039 4279 patrium
1054 4203 1206 4274 colestem,
1223 4204 1353 4262 Abrnhae

152 4300 241 4359 miei
261 4301 309 4360 tui
330 4300 398 4358 sinu
420 4299 544 4374 recipiens
565 4305 596 4356 et
616 4299 763 4375 refrigerii
783 4318 849 4357 rore
866 4299 1031 4375 perfundas.
1075 4301 1123 4355 Sit
1141 4300 1180 4355 nb
1200 4300 1355 4356 restunntis

151 4396 295 4475 gehennoe
318 4396 398 4455 truci
421 4397 558 4455 incendio
579 4402 749 4475 segregatus
775 4403 806 4454 et
832 4397 925 4453 beutae
949 4396 1062 4472 requiei
1086 4402 1116 4453 to
1139 4396 1270 4454 donrmte
1289 4414 1354 4453 oon-
