3022 4966
164 350 206 412 10
597 343 790 410 Benedictio
813 343 940 410 Fontis.

221 528 336 588 Deinde
354 537 450 606 sputet
469 527 611 588 Sacerdos
633 526 668 585 in
687 526 811 586 sinistra
833 544 935 594 manu,
953 531 980 583 et
999 533 1102 600 tanam
1125 543 1213 583 aures
1235 532 1263 584 et
1283 543 1376 585 nares

160 622 289 702 insontis
312 644 379 684 cum
398 623 504 702 pollice
527 625 628 682 dextro
649 643 716 682 cum
740 631 845 700 sputo;
874 628 901 680 st
921 621 1003 679 dicat
1023 621 1065 678 ad
1087 640 1189 679 aurem
1210 621 1371 680 dexteram.

160 720 267 794 Effeta,
282 723 360 797 quod
377 731 427 794 est,
445 722 619 798 adaperire3
639 721 681 778 ad
698 739 793 791 nares,
808 720 847 776 In
864 718 984 777 odorem
1002 718 1179 791 suavitstis3
1202 719 1244 776 ad
1264 738 1370 778 aurem

159 817 322 891 sinistram,
344 818 391 875 Tu
412 823 512 876 autem
534 818 671 895 effugare,
693 812 827 896 diaboleJ:
851 815 1102 892 appropinquabit
1121 815 1202 874 enim
1217 814 1370 893 judicium

160 910 227 970 Dei

220 1007 238 1042 ⁹
248 1006 353 1068 Postea
369 1007 449 1067 dicat
461 1006 603 1067 Sacerdos
620 1006 815 1083 compatribus
828 1015 854 1064 et
868 1005 1075 1064 commatribus
1088 1025 1151 1063 una
1165 1025 1231 1064 oum
1245 1005 1369 1064 arcum.

157 1104 304 1163 stantibus
325 1113 359 1162 ut
382 1104 442 1181 ipsi
464 1105 567 1163 dicant
590 1102 681 1162 Pater
704 1110 814 1175 noster,
829 1103 898 1161 Ave
922 1101 1030 1175 Maris,
1045 1110 1071 1160 st
1095 1101 1192 1160 Orode
1211 1102 1245 1158 in
1266 1100 1368 1161 Deum

158 1197 289 1273 Patrem,
303 1219 378 1276 quas
393 1201 482 1258 stiam
501 1208 529 1258 et
547 1200 608 1276 ipse
627 1199 716 1272 dicat,
731 1199 843 1258 eunctis
855 1198 1051 1270 audientibus,
1067 1197 1158 1256 Pater
1171 1202 1281 1271 noster,
1298 1196 1367 1258 Ars

158 1294 265 1367 Maria,
281 1295 376 1354 Credo
389 1296 422 1354 in
437 1296 537 1354 Deum
551 1297 680 1354 Patrem.

217 1400 323 1460 Postea
338 1400 438 1476 saciat
461 1421 574 1460 crucem
597 1421 664 1459 crem
685 1399 787 1477 pollice
808 1400 843 1457 in
860 1398 997 1476 palmam
1021 1399 1154 1456 dextram
1178 1396 1317 1473 infantes,
1338 1409 1366 1458 et

156 1497 332 1573 inter-sopato
352 1497 414 1573 ejus
433 1498 561 1570 nemim,
583 1497 684 1556 dicat:
708 1495 760 1568 N„
781 1495 893 1572 Accipe
914 1494 1098 1572 signaculum
1119 1494 1244 1552 Domini
1266 1497 1366 1554 nostri

156 1593 230 1652 Jesu
244 1594 357 1653 Christi
374 1595 407 1652 in
424 1615 516 1652 manu
534 1601 588 1652 tus
604 1594 734 1665 dexteru,
754 1600 790 1652 ut
810 1600 841 1651 te
861 1594 959 1670 signes
979 1599 1010 1651 et
1030 1599 1062 1650 te
1079 1592 1116 1650 de
1132 1592 1257 1650 adversa
1276 1599 1365 1668 purte

156 1688 308 1766 repellas‚†
317 1695 354 1747 ut
363 1690 471 1748 habeas
480 1690 575 1748 vitam
585 1696 726 1748 aternam
737 1695 769 1748 et
777 1689 862 1747 viras
872 1688 905 1745 in
916 1687 1022 1746 saecula
1032 1688 1214 1746 sacculorum.
1250 1688 1362 1747 Amen.

216 1794 331 1853 Deinde
348 1796 439 1871 signet
453 1815 583 1872 peterem
602 1816 696 1853 manu
709 1815 766 1853 sua
779 1795 905 1865 dextera,
920 1803 947 1853 et
960 1794 1136 1868 interr-epoto
1154 1792 1217 1869 nus
1233 1793 1365 1869 nomine,

155 1888 254 1948 dicct:
274 1890 325 1962 N„
342 1890 483 1970 Signata
503 1891 653 1967 signaculo
673 1891 797 1948 Domini
817 1889 913 1947 nostri
932 1889 1006 1947 Jcsu
1022 1889 1135 1947 Christi
1147 1888 1184 1946 de
1198 1908 1289 1947 msnu
1310 1897 1365 1948 tua

154 1984 285 2059 dextera,
301 1993 336 2043 ut
350 1992 379 2044 te
393 1992 544 2044 conservet
554 1992 656 2044 contra
666 1986 847 2045 adversarios
857 1993 932 2058 tuos,
944 1992 980 2044 ut
989 1985 1097 2042 habeas
1110 1985 1204 2042 ritum
1217 1990 1363 2043 aeternnm

154 2088 186 2139 et
198 2082 283 2141 vivas
296 2082 329 2139 in
343 2083 449 2140 saeculs
463 2083 644 2141 sucularum.

213 2186 317 2246 Postea
330 2186 525 2245 intromittens
543 2186 777 2245 concitamentum
791 2205 844 2262 per
856 2203 981 2243 manum
993 2184 1127 2242 deutrum
1140 2182 1174 2240 in
1187 2183 1361 2258 Ecclesiam,

150 2282 327 2357 interroqoto
339 2284 429 2360 prins
448 2283 574 2355 rumine,
589 2282 668 2340 dicat
680 2305 690 2341 .·
710 2280 760 2353 N„
777 2280 936 2357 Ingredere
953 2279 1097 2355 templum
1116 2279 1182 2351 Dei,
1198 2287 1234 2337 ut
1252 2279 1364 2340 habes-s

153 2379 247 2437 vium
260 2386 401 2438 aeternam
415 2388 446 2438 ct
459 2380 543 2438 rivas
556 2380 589 2438 in
603 2378 710 2437 saecula
723 2378 905 2436 saeculorum.
949 2377 1057 2434 Amen.

585 2614 779 2672 Banrmono
798 2611 920 2669 Forma

352 2769 463 2845 Infans
475 2770 630 2844 insontem
643 2770 669 2828 si
682 2778 820 2840 stercorat,
835 2768 902 2844 ejice
915 2768 1084 2845 lympham:

392 2865 428 2925 Si
442 2873 558 2923 tontum
570 2866 693 2942 minyas,
706 2885 766 2924 non
779 2874 929 2923 recreatur
942 2883 1029 2939 nqrta

213 2969 338 3040 Quando
349 2968 424 3044 sons
435 2968 534 3045 suerit
554 2971 755 3043 mundandus,
770 2980 796 3028 ct
817 2972 851 3028 de
866 2991 949 3047 pura
969 2991 1049 3045 aqua
1064 2969 1259 3044 renovandus,
1276 2976 1359 3049 quod

149 3084 221 3143 sape
240 3065 395 3141 dabetjieri
402 3077 522 3143 propter
535 3088 620 3143 aqua
640 3068 860 3143 conceptionem,
876 3076 945 3125 tnnc
966 3067 1075 3125 dicitur
1094 3087 1213 3142 sequens
1226 3067 1357 3129 Litania

149 3171 176 3221 st
189 3163 365 3222 benedicitur
369 3164 444 3239 fons
456 3166 540 3223 ntodo
554 3167 682 3240 sequenti
695 3185 762 3223 cum
780 3184 856 3223 cereo
874 3184 997 3223 accersso.
1041 3163 1082 3221 Et
1095 3174 1165 3222 nota
1178 3167 1259 3240 quod
1273 3188 1356 3244 aqua

149 3259 331 3337 baptisnmtis
344 3282 402 3322 non
415 3262 492 3321 debet
505 3263 618 3320 mutari
625 3270 746 3338 propter
758 3261 894 3321 lton-orem
904 3260 1171 3337 memmenni—is,
1185 3262 1356 3337 nisisuerit

148 3366 293 3434 corrupta.

207 3463 289 3524 Nota
307 3465 388 3541 quod
405 3485 485 3541 apua
505 3464 650 3523 benedicta
662 3463 798 3539 sontium
812 3465 847 3522 in
871 3463 978 3538 thitta
997 3463 1116 3522 Peselsae
1129 3471 1156 3522 et
1175 3464 1355 3525 Pentecosten

145 3580 206 3620 non
218 3571 391 3637 aepayatnr
405 3582 461 3638 per
480 3561 625 3620 scemam
638 3562 688 3620 sed
701 3560 804 3636 alr'qua
818 3561 882 3618 alio
898 3581 978 3636 oqrta
1001 3560 1145 3620 benedicta
1165 3563 1351 3634 mareschia,

146 3657 220 3716 sinu
233 3658 267 3716 in
280 3658 350 3716 aliis
363 3658 528 3747 Dominicis
541 3657 649 3716 diebus.
702 3656 914 3715 Memoriotiter
926 3657 1111 3714 retinendum
1125 3656 1259 3730 estquod
1271 3679 1353 3735 aqna

204 3833 218 3858 '
231 3836 302 3882 York
314 3835 418 3881 tus—‘⁴
427 3835 494 3882 Tunc
509 3836 576 3883 dicat
591 3836 708 3882 Sacerdos
723 3835 883 3893 compatribus
898 3839 920 3881 et
934 3836 1103 3883 commatribus
1118 3850 1170 3882 una
1184 3849 1240 3884 cum
1249 3839 1353 3888 circum·

144 3907 273 3963 stantibus,
287 3911 316 3952 ut
331 3907 396 3952 duat
411 3907 511 3962 auditet
524 3907 564 3952 m'r
577 3911 599 3953 et
612 3908 701 3953 mutter
716 3907 895 3962 Paternacum
914 3907 969 3953 Ave
984 3908 1070 3962 Maris,
1085 3912 1108 3954 et
1122 3907 1202 3954 Credo
1216 3909 1244 3956 in
1259 3911 1351 3959 honora

144 3976 193 4024 Det
202 3981 225 4023 et
237 3977 309 4023 beata
317 3976 416 4032 Maria,
425 3981 454 4021 ut
463 3976 529 4022 istud
536 3977 644 4024 satutare
652 3983 829 4026 sacramentum
837 3978 958 4034 neptuni,
965 3978 1030 4036 quod
1039 3980 1084 4025 s'ste
1087 3992 1152 4037 puer
1158 3978 1230 4026 hodie
1237 3983 1350 4042 senem,

144 4048 177 4094 ss't
190 4047 258 4093 satus
267 4045 318 4104 ejus
327 4047 433 4103 corporis
443 4052 467 4092 et
475 4047 578 4094 salvatio
588 4049 684 4096 anima.

206 4117 281 4174 “Quo
296 4117 359 4164 dicto
373 4116 439 4163 dicat
448 4118 562 4164 Sacerdos
576 4120 667 4166 cunctis
681 4119 836 4166 audientibus
847 4120 987 4167 Orationem
997 4121 1160 4179 Dominicam,
1171 4121 1352 4174 Salutationem

144 4188 295 4246 Arcadicum,
317 4192 339 4234 et
357 4188 502 4245 Symbolum.
547 4190 639 4246 Quibus
658 4191 729 4238 dictis
752 4192 891 4238 nominetur
912 4205 977 4249 puer
995 4206 1012 4238 a
1029 4192 1141 4249 patrinis
1158 4193 1196 4240 rel
1215 4198 1350 4251 matrinis:

143 4259 232 4308 deinde
241 4273 258 4306 α
267 4258 393 4306 Sacerdote
397 4259 505 4316 faciente
513 4272 606 4307 osacen
618 4274 672 4307 cum
683 4262 768 4319 potrus
785 4263 813 4307 in
824 4262 937 4319 emmam
953 4262 1066 4310 dextram
1075 4263 1189 4322 intentis,
1201 4265 1352 4326 nanosces

143 4329 195 4390 sius
203 4331 307 4385 nomine,
316 4329 416 4378 dicatur
424 4330 515 4390 Accipe
525 4331 702 4390 signaculum,'’
712 4337 734 4380 et
744 4336 828 4380 cetera.

202 4417 217 4478 f
231 4415 303 4464 ΗΒΕ.
315 4417 362 4463 sdd
372 4419 420 4463 “ut
430 4418 455 4484 in
466 4417 512 4462 fido
523 4416 647 4464 Catholios
656 4418 818 4476 parmam?
