3022 4966
142 313 204 378 116

478 311 528 377 Ie
548 310 671 378 sancto
693 309 836 378 Sabbato
856 310 1000 377 Poeta.

342 493 449 552 Senote
463 493 595 570 Gregori,
610 513 662 552 ore
675 513 729 570 pro
741 493 837 553 nobis.

340 589 448 649 Senote
460 589 483 648 J
483 589 622 664 ohannes,
638 609 690 649 ore
703 610 757 668 pro
769 589 864 648 nobis

341 688 448 747 sancte
460 687 610 758 Wilfn‘de,
625 707 677 745 oro
689 707 743 764 pro
756 687 850 747 nobis

299 786 410 846 Omnes
423 785 518 844 saneti
531 784 726 859 Consentes,
741 791 824 844 orote
837 804 890 863 pro
904 784 997 843 nobis

342 882 452 942 Sancte
464 882 594 961 Agathe,
610 902 663 941 ore
674 902 729 960 pm
742 883 837 940 nobis.

342 979 451 1038 Sancte
464 980 576 1056 Agnes,
590 998 643 1037 ore
655 998 710 1056 pro
723 979 820 1040 nobis.

342 1075 451 1134 Sancte
463 1075 589 1146 Oaeoilia,
604 1094 657 1133 ore
668 1094 723 1152 pro
737 1074 831 1134 nobis.

301 1170 411 1230 Omnes
424 1177 533 1230 senetoe
546 1172 697 1249 Virgines,
712 1177 794 1229 orote
807 1190 862 1248 pro
878 1172 973 1231 nobis.

300 1269 411 1330 Omnes
425 1269 536 1343 Sancti,
551 1276 633 1329 orote
646 1288 700 1346 pro
713 1268 806 1327 nobie

339 1560 436 1638 Kyrie
449 1559 575 1637 eleyson.
618 1558 735 1618 Christe
749 1560 874 1637 eleyson.

340 1658 458 1717 Christe
472 1657 543 1715 sudi
555 1675 620 1717 nos.

341 1754 450 1812 Sancte
461 1753 559 1831 Virgo
570 1753 731 1831 virginum,
745 1773 797 1812 ora
811 1774 865 1832 pro
879 1755 974 1813 nobis.

341 1841 448 1910 §mete
462 1850 606 1927 Rephsel‚
621 1870 673 1909 ore
685 1870 739 1928 pro
752 1852 849 1910 nobis.

299 1947 410 2006 Omnes
423 1947 519 2005 saneti
531 1946 643 2024 Angeli
656 1953 688 2004 et
701 1947 892 2024 Archangeli,
908 1954 991 2007 orato
1004 1967 1058 2025 pro
1072 1949 1164 2006 nobis.

298 2043 408 2102 Omnes
421 2044 516 2102 saneti
529 2043 710 2102 Petrierohae
723 2050 755 2102 et
768 2044 934 2121 Prophetae,
951 2048 1033 2102 orote
1047 2064 1100 2121 pro
1113 2044 1205 2102 nobis

338 2140 447 2199 Sancte
460 2140 684 2212 Bartholomaee‚
700 2160 752 2199 ora
765 2161 819 2218 pro
833 2142 928 2200 nobis.

338 2237 446 2296 Senote
458 2236 480 2296 J
481 2239 579 2310 eoobe,
595 2257 647 2296 ore
659 2257 713 2315 pro
727 2238 821 2297 nobis.

338 2334 446 2393 Senete
459 2335 613 2407 Matthaee,
627 2354 680 2393 ors
692 2354 746 2412 pro
758 2335 855 2394 nobis.

297 2432 409 2491 Omnes
421 2432 516 2489 saneti
531 2432 670 2509 Apostoli
682 2437 714 2490 et
727 2431 934 2509 Evnngelistae‚
948 2438 1030 2491 orate
1044 2452 1097 2512 pro
1111 2435 1202 2493 uobis.

337 2529 445 2588 Senote
457 2529 610 2601 Vinoenti,
626 2548 679 2587 ore
691 2548 745 2606 pro
759 2529 853 2588 nobis.

336 2625 443 2683 Sancte
457 2625 574 2701 Georgi,
588 2645 641 2683 orn
654 2645 707 2702 pro
722 2617 815 2684 nobis.

336 2721 443 2779 Sancte
457 2722 593 2797 Dionysi,
608 2742 675 2778 cum
689 2722 783 2794 sociis,
798 2741 850 2780 ore
862 2742 917 2798 pro
930 2723 1027 2781 nobis.

296 2817 406 2874 Omnes
420 2818 515 2875 saneti
529 2819 688 2894 Martyres,
703 2824 784 2876 orate
799 2839 852 2895 pro
867 2820 960 2878 nobis.

338 2913 446 2971 Sancto
459 2915 705 2991 Augintinojore
718 2935 771 2992 pro
786 2917 881 2974 nobis.

339 3011 446 3068 Sancte
460 3011 619 3083 Willelme,
636 3031 688 3068 ore
701 3032 755 3088 pro
769 3013 864 3070 nobis.

338 3106 445 3164 Sancte
459 3108 631 3181 Outhberte,
647 3128 698 3166 ore
711 3128 765 3184 pro
779 3109 872 3167 nobis.
886 3110 892 3119 '

297 3202 407 3262 Omnes
421 3205 516 3263 sancti
530 3205 723 3278 Confeesores‚
739 3213 821 3264 orote
833 3226 887 3283 pro
901 3208 994 3265 nobis.

337 3300 446 3359 Sancte
459 3302 561 3374 Lucio,
575 3322 627 3361 ore
639 3322 692 3380 pro
705 3303 799 3360 nobis.

337 3397 446 3457 Sancte
460 3399 632 3472 Petronilln,
648 3419 699 3458 om
711 3419 764 3476 pro
778 3400 870 3459 nobis.

336 3496 444 3554 Sancta
457 3497 480 3554 J
480 3497 590 3568 ulinne,
605 3516 657 3554 orn
671 3516 723 3573 pro
736 3497 828 3554 nobis.

294 3592 405 3651 Omnes
418 3600 527 3652 senetae
541 3594 690 3670 Virgines,
706 3601 788 3652 orato
802 3613 856 3671 pro
868 3594 970 3652 nobis:

335 3689 446 3747 Omnes
460 3689 569 3762 Sancti,
585 3695 666 3747 orote
679 3709 733 3766 pro
747 3690 840 3750 nobis.

295 3784 447 3862 Propitius
459 3791 540 3843 esto:
560 3805 646 3862 pnroe
659 3786 752 3858 nobis,
767 3785 904 3843 Domine.

290 3881 343 3939 Ab
356 3884 437 3940 omni
451 3883 536 3954 melo,
552 3882 646 3940 libere
659 3901 723 3953 nos,
739 3881 881 3942 Domine.

289 3980 341 4037 Ab
354 3979 470 4037 insidiis
484 3977 604 4051 dioboli,
618 3978 712 4037 libem
729 3996 791 4050 nos,
808 3978 945 4035 Domine.

289 4073 349 4133 Per
361 4076 537 4152 mysterium
550 4081 659 4132 senotae
672 4073 890 4132 Inoernntionis
903 4079 972 4144 tuae,
987 4070 1081 4128 libem
1094 4089 1156 4142 nos,
1173 4071 1316 4134 Domine.

290 4172 349 4231 Per
362 4173 534 4230 Passionem
547 4178 578 4230 ot
591 4171 717 4230 Oruoem
730 4177 823 4244 tunm,
839 4171 933 4229 libere
945 4187 1006 4240 nos,
1023 4168 1164 4228 Domine.

288 4269 348 4327 Per
360 4276 493 4327 sanctem
507 4268 766 4328 Resurrectionem
781 4275 873 4342 tuem,
888 4267 982 4326 libere
994 4286 1057 4340 nos,
1074 4267 1211 4325 Domine.

287 4367 348 4427 Per
360 4367 565 4426 admirabilem
582 4366 794 4426 Asoeneionem
808 4371 901 4443 tunm,
915 4365 1010 4427 libere
1022 4386 1084 4440 nos,
1098 4366 1236 4427 Domine.
