3022 4966
541 349 716 437 Escaquioe
736 349 965 416 cloacarum,

212 535 391 633 Antipltom.

178 664 1350 742 {mm}

509 745 615 777 ..-
641 744 830 776 ...ι-
855 745 889 777 ι
915 746 1127 779 -
1152 747 1349 780 --ι

212 825 391 884 De-lic-ts
426 823 660 901 javan-tutis
694 843 784 882 meae
829 832 860 883 et
900 823 1165 902 ig-no-ranti-as
1216 841 1326 881 rna-as

195 1231 234 1269 ne
268 1211 457 1270 ma-mi·ne
477 1211 556 1284 -ris,
607 1212 810 1272 Do·mi-ne.

215 1403 392 1480 Antiphates.

216 1679 336 1738 Ore-do
378 1680 573 1738 vi-dc-re.
748 1612 1360 1776 Q

829 1820 1085 1880 E-V-O-V
1118 1855 1128 1865 -
1160 1820 1291 1879 Α-Ε.

211 1899 350 1960 Psalmm
362 1900 478 1979 (mci.)

209 1999 360 2058 Dominus
373 1999 556 2058 illuminatio
568 2019 635 2058 mea
648 2006 680 2059 et
693 1998 773 2057 salus
786 2018 862 2070 mea,
877 2017 967 2076 quam
980 1998 1093 2056 timebo
1104 1999 1115 2056 l

213 2094 362 2153 Dominus
375 2100 526 2172 protector
539 2096 609 2154 vitoe
623 2115 706 2166 meae,
721 2116 739 2154 a
753 2114 813 2171 quo
826 2094 1000 2170 trepidabo‘i

128 2263 136 2273 ·
213 2189 296 2247 Dum
309 2191 488 2266 appropiant
502 2210 591 2266 super
604 2211 652 2249 me
665 2197 814 2261 nocentes,
829 2195 866 2246 ut
879 2188 970 2247 edant
983 2207 1084 2246 carnes
1098 2205 1187 2246 meas.

193 2299 194 2303 ’
215 2285 276 2355 Qui
289 2284 439 2343 tribulant
452 2304 499 2344 me
513 2285 628 2344 inimici
641 2286 709 2356 mei,
723 2285 781 2362 ipsi
794 2284 939 2343 infirmati
951 2289 1032 2356 sunt,
1047 2290 1078 2342 et
1091 2282 1268 2342 oeciderunt.

216 2378 249 2438 Si
263 2379 428 2438 consistant
441 2380 598 2438 adversum
611 2400 659 2438 me
673 2386 778 2453 castra,
793 2400 854 2437 non
868 2380 990 2438 timebit
1003 2398 1174 2437 cormeum.

216 2475 249 2535 si
264 2482 406 2553 exsurgat
418 2477 577 2534 adversum
591 2497 638 2535 me
652 2477 798 2554 praelium,
812 2477 845 2534 in
859 2477 914 2534 hoc
928 2494 981 2552 ego
994 2476 1127 2553 sperabo.

215 2572 318 2632 Unam
332 2573 406 2649 petii
416 2593 435 2631 a
445 2573 585 2647 Domino,
597 2574 674 2632 hanc
687 2574 846 2651 requiram,
859 2579 896 2631 ut
908 2573 1074 2632 inhabitem
1087 2571 1120 2631 in
1134 2572 1222 2631 domo
1236 2567 1360 2630 Domini

152 2670 289 2728 omnibus
303 2670 407 2728 diebus
422 2671 491 2729 vita
506 2690 586 2750 mesa.

217 2766 261 2825 Ut
276 2767 392 2824 videam
406 2767 590 2844 voluptatem
606 2767 739 2841 Domini,
755 2774 786 2826 at
799 2768 919 2827 visitem
933 2767 1078 2844 templum
1092 2768 1165 2844 ajua

211 2864 360 2934 Quoniam
375 2864 531 2923 abscondit
545 2856 592 2923 mc
605 2866 638 2923 in
651 2865 842 2924 tabernaculo
861 2883 933 2924 suo:
954 2864 987 2922 in
1000 2864 1049 2922 die
1062 2864 1210 2923 malorum
1222 2865 1357 2941 protexit

152 2979 200 3018 me
213 2960 245 3017 in
258 2960 431 3020 abscondito
445 2961 630 3020 tabernaculi
643 2961 697 3019 sui.

211 3057 250 3115 In
264 3065 349 3135 petra
362 3059 511 3118 exaltavit
523 3078 589 3118 me:
609 3064 641 3118 et
654 3077 734 3117 nunc
748 3058 894 3117 exaltavit
907 3064 997 3136 caput
1010 3078 1110 3117 meum
1120 3078 1210 3136 super
1223 3057 1359 3117 inimicos

153 3174 239 3214 meos

211 3253 352 3326 Circuivi,
374 3261 406 3312 et
425 3254 579 3313 immolavi
603 3254 636 3312 in
660 3254 849 3313 tabernaculo
876 3255 941 3331 ejus
965 3253 1092 3312 hostiam
1117 3252 1355 3311 vociferationis:

150 3351 285 3420 cantabo,
299 3356 331 3407 et
343 3350 491 3426 psalmum
505 3350 604 3408 dicam
618 3350 756 3408 Domino.

213 3445 342 3518 Exaudi,
357 3446 493 3519 Domine,
508 3465 611 3505 vocem
632 3465 736 3520 meam,
751 3466 811 3524 qua
830 3447 958 3505 clamavi
971 3447 1009 3505 ad
1022 3451 1071 3505 te:
1092 3445 1231 3503 miserere
1245 3443 1313 3512 mei,
1328 3450 1359 3500 et

153 3541 263 3600 exaudi
277 3560 333 3599 me.

212 3636 280 3695 Tibi
294 3636 372 3696 dixit
385 3657 557 3714 cormeum,
570 3639 733 3716 exquisivit
747 3645 778 3698 ta
790 3638 878 3698 facies
889 3658 970 3697 mea:
991 3638 1097 3697 faciem
1111 3644 1204 3709 tuam,
1217 3635 1356 3708 Domina,

153 3733 312 3810 requiram.

211 3829 261 3888 Ne
274 3836 391 3889 asemas
403 3831 508 3891 faciem
523 3838 606 3891 tuam
620 3851 639 3889 a
652 3851 716 3890 me:
738 3851 776 3890 ne
790 3831 918 3890 declines
931 3831 964 3888 in
979 3832 1024 3889 ira
1037 3851 1055 3889 a
1068 3849 1155 3888 sorvo
1167 3836 1229 3888 tuo.

210 3928 345 4004 Adjutor
366 3949 449 3988 maus
471 3937 551 3989 esto:
580 3949 619 3989 ne
641 3929 830 4007 derelinquas
852 3949 907 4004 me,
923 3948 1019 4006 neque
1040 3928 1182 4005 despicias
1202 3948 1258 3999 me,
1275 3927 1358 3986 Deus

152 4025 291 4083 salutaris
304 4045 395 4083 nicus.

211 4122 359 4193 Quoniam
383 4108 469 4199 pater
491 4143 582 4196 meus,
608 4128 639 4181 et
662 4128 758 4181 mater
778 4142 844 4180 mea
868 4121 1092 4198 dereliquerunt
1115 4140 1180 4179 ma:
1208 4119 1357 4178 Dominus

149 4224 252 4279 autam
266 4220 427 4296 assumpsit
440 4239 496 4279 mc.

210 4314 321 4391 Iegem
344 4334 421 4391 ponc
444 4315 528 4387 mihi,
552 4314 692 4387 Domine,
711 4313 744 4372 in
762 4314 813 4373 via
834 4321 904 4375 tua:
932 4317 963 4370 ct
983 4314 1077 4391 dirige
1098 4331 1145 4370 mc
1165 4313 1199 4369 in
1218 4313 1355 4370 semitam

148 4419 262 4473 rectam
275 4419 398 4490 propter
411 4413 545 4471 inimicos
559 4430 647 4470 meos.
