3022 4966
520 320 866 388 llnnualearlnennt
879 321 1017 386 Serum.
1292 326 1372 387 103⁴

170 488 401 546 sanctificatione
414 488 592 565 perfundere
604 488 742 563 digneris,
758 493 905 563 quatenus
917 486 1135 563 beneplacitum
1155 506 1264 544 munus
1277 488 1310 545 in
1327 488 1374 546 his

169 571 319 627 orantium
339 570 472 646 accipias
515 569 642 645 Sintque
655 568 717 625 haee
737 569 855 625 oracula
867 568 930 625 sive
943 567 1076 643 precaria
1088 567 1121 625 in
1140 574 1299 644 conspectu
1313 576 1373 626 tnae

169 647 331 708 elementiae
345 648 474 706 libenter
486 654 613 726 accepta,
625 649 702 706 sieut
716 647 795 705 Abel
814 648 928 706 alumni
941 648 997 717 tui,
1009 647 1056 705 vel
1069 647 1147 706 sicut
1157 647 1373 707 Melchisedech

169 747 292 788 munera
304 731 362 788 tibi
372 729 547 807 placuerunt
560 730 677 787 oblata:
697 729 795 804 utqui
807 728 841 785 in
854 729 902 785 his
914 728 1113 786 beatissimam
1125 728 1184 786 Dei
1195 728 1374 805 genetricem

170 807 298 868 Mariam
319 811 380 868 suis
408 811 517 868 sanetis
537 809 658 873 ,nititur
677 809 814 866 decorare
837 809 993 885 obsequiis,
1015 807 1111 866 Filius
1140 809 1205 884 ejus
1225 808 1374 866 Dominus

169 896 268 948 noster
286 891 309 950 J
310 909 376 948 esus
396 889 532 948 Christus
552 909 659 967 magna
679 908 733 966 pro
752 889 853 965 parvis
873 894 1081 964 recompenset,
1102 887 1289 947 devotionem
1309 889 1374 965 ejus

168 970 299 1046 occipiat,
322 976 441 1047 peceato
461 969 603 1041 dimittat,
624 969 682 1027 lide
701 988 770 1026 eum
783 968 905 1045 repleat,
927 968 1113 1045 indulgentia
1132 968 1240 1040 foveat,
1261 969 1373 1027 miseri-

168 1051 267 1109 cordia
285 1057 430 1128 protegat,
451 1051 575 1108 adversa
595 1050 737 1121 destruct,
758 1068 898 1125 prospera
918 1050 1065 1107 concedet
1122 1049 1244 1107 Habent
1263 1049 1297 1106 in
1316 1048 1372 1108 hcc

169 1129 272 1189 secculo
295 1133 381 1189 bonae
412 1131 538 1189 aetionis
569 1130 789 1196 documentum,
813 1130 947 1188 caritatis
970 1129 1111 1201 studium,
1139 1129 1236 1188 sancti
1261 1130 1366 1187 amoris

169 1209 315 1347 {ffectum
326 1218 356 1270 et
364 1212 396 1268 in
407 1211 508 1269 futuro
518 1230 586 1269 oum
596 1210 706 1268 sanctis
719 1210 832 1286 angelis
841 1210 982 1288 gaudium
992 1209 1173 1286 adipiscatur
1181 1217 1359 1288 perpetuum

197 1309 230 1347 er
243 1293 373 1349 eundern.

234 2025 509 2084 ADDITIONAL
530 2024 706 2084 OFFIOES
728 2024 849 2083 FROM
870 2024 1011 2082 LATER
1031 2021 1235 2082 EDITIONS
1256 2022 1310 2082 OF

524 2153 613 2212 ΤΗΕ
633 2152 787 2212 SARUM
808 2152 1008 2213 MANUAL.

226 2447 347 2505 Incrrm
367 2444 481 2505 Menos
501 2461 545 2505 nn
566 2461 747 2505 srounnnuu
769 2460 838 2504 ειη
858 2461 1029 2505 censensu
1049 2439 1318 2508 emrorcsunou.*

219 2600 380 2677 Inprimis
394 2600 543 2676 presbyter
556 2599 681 2657 indutae
700 2597 897 2674 superpellicio
917 2607 943 2657 et
963 2599 1045 2672 stole,
1059 2608 1085 2659 et
1099 2619 1181 2660 eruce
1189 2601 1366 2678 praecedente

158 2701 226 2741 enne
249 2682 322 2740 clere
344 2689 369 2740 et
387 2681 499 2756 populo
519 2688 694 2755 eertqrepate,
720 2681 793 2736 dnm
812 2678 963 2737 metallum
989 2680 1119 2738 decerit
1134 2701 1191 2757 pre
1219 2701 1364 2759 campane

149 2761 304 2836 faciende,
323 2761 429 2837 incipit
446 2761 590 2837 hymnum
608 2759 689 2817 Veni
706 2759 830 2817 Creator
843 2780 849 2817 :
869 2779 936 2818 enm
946 2778 1030 2818 enen
1042 2769 1069 2818 et
1083 2761 1195 2820 collecta
1208 2762 1242 2821 de
1255 2762 1363 2823 Scrieto

156 2841 282 2918 Spiritu.
327 2841 451 2913 Qzeendc
474 2860 539 2899 cero
567 2839 705 2916 completo
729 2846 777 2911 est,
798 2839 903 2916 incipit
927 2839 969 2898 Te
994 2840 1092 2899 Deum
1117 2842 1279 2903 laudemus.
1320 2844 1362 2903 Et

157 2941 254 2981 omnes
266 2921 361 2980 cleriei
374 2941 437 2979 nnn
450 2941 512 2980 eece
526 2921 624 2979 deberet
637 2929 756 2978 cantore
764 2941 777 2989 ,·
797 2928 823 2978 et
833 2920 868 2978 in
872 2923 945 2996 fine,
960 2921 1010 2979 Du
1024 2941 1132 2999 pacem.

225 3002 335 3061 Vernis.
378 3002 410 3058 A
424 3001 554 3059 Domino
568 3001 680 3057 factum
694 3005 740 3058 est
752 3000 841 3060 istun

219 3082 452 3158 Respornerium.
496 3082 538 3139 Et
551 3088 594 3138 est
613 3080 748 3138 mirabile
761 3081 795 3137 in
808 3079 901 3138 oeulis
914 3080 1030 3140 nostris.

219 3162 366 3220 Dominus
379 3162 539 3220 vobiscum.

220 3242 329 3303 Oratio.

217 3322 360 3382 Actiones
370 3328 494 3392 nostras,
504 3340 680 3399 quesumus,
687 3321 824 3393 Domine,
834 3321 991 3398 aspirando
1001 3323 1140 3399 praevoui,
1150 3329 1180 3381 et
1188 3324 1356 3399 adjuvando

153 3421 338 3480 prosequere,
353 3411 388 3461 ut
402 3407 508 3461 cuncta
528 3408 630 3459 nostra
643 3402 738 3459 oratic
752 3408 783 3459 et
802 3401 934 3478 operatio
954 3421 972 3459 a
990 3409 1022 3460 te
1042 3422 1158 3480 semper
1180 3405 1312 3481 incipiat,
1327 3411 1358 3462 et

153 3501 208 3561 per
219 3489 250 3543 te
264 3492 359 3561 coepto
372 3484 500 3542 finiatur.
545 3482 604 3540 Per
617 3482 778 3540 Christum.

216 3563 341 3634 Quando
361 3563 461 3623 volunt
469 3564 601 3640 pendere,
620 3570 767 3638 poscunt:
789 3562 839 3621 ced
853 3562 998 3638 primitus
1018 3562 1203 3636 benedicitur,
1218 3573 1244 3622 et
1264 3584 1356 3625 eonse-

153 3653 256 3703 eratnr
269 3645 303 3702 in
315 3646 436 3703 modurn
449 3643 502 3719 qni
515 3643 654 3720 sequitur.

214 3724 380 3784 Benedictio
394 3745 486 3800 aqnae.

219 3804 328 3864 Verres.
370 3804 565 3882 Adjutorium
579 3810 714 3863 nostrum
727 3804 760 3862 in
773 3803 893 3863 nomine
907 3802 1039 3862 Domini.

217 3884 328 3944 Versus.
372 3885 419 3943 Sit
431 3905 540 3945 nomen
554 3886 678 3943 Domini
690 3885 888 3943 benedictum.

214 3967 347 4024 Oremus.
392 3969 500 4025 Oratio.

212 4044 390 4127 Benesledic,
400 4047 538 4119 Domine,
550 4046 627 4105 hano
637 4065 742 4123 aquom
752 4044 955 4103 benedictione
964 4044 1081 4117 caelesti,
1094 4052 1125 4103 et
1134 4043 1252 4103 assistet
1265 4065 1354 4123 super

149 4146 215 4187 eam
234 4126 330 4184 virtus
351 4127 480 4204 Spiritus
501 4127 612 4199 Sancti,
634 4133 669 4184 ut
689 4146 757 4184 eum
778 4126 832 4184 hcc
851 4125 1003 4183 vesculum
1023 4126 1062 4183 ed
1081 4125 1253 4183 invitandos
1276 4128 1353 4186 filios

209 4331 226 4362 *
246 4333 301 4392 See
327 4333 379 4391 the
406 4329 634 4406 corresponding
661 4329 737 4387 form
761 4329 793 4386 in
817 4329 868 4387 the
893 4328 1081 4388 “Pontifical
1103 4330 1138 4388 of
1161 4329 1351 4410 Arohbishop

148 4414 331 4492 Bainbridge
347 4409 486 4491 (York),''
502 4409 621 4466 Surtees
635 4409 698 4466 Soc.
716 4409 849 4481 Editicn,
863 4429 890 4486 p.
909 4410 975 4467 133.
