3022 4966
681 788 818 885 VH.

207 1028 678 1152 BENEDIO'TIONES
713 1068 925 1153 OLYPEI
964 1069 1037 1152 ΕΤ
1072 1066 1293 1153 BAOULI

411 1299 414 1304 .
534 1223 618 1307 AD
653 1225 960 1320 DUELLUM.

149 1692 269 1753 FROM
296 1693 385 1752 THE
413 1694 622 1755 GLASGOW
650 1697 922 1770 PONTIFIOAL,
944 1698 1122 1758 BRITISH
1151 1699 1351 1775 MUSEUM,

457 1796 539 1856 TIB.
560 1798 587 1854 Β
607 1798 704 1856 VIII.
747 1798 846 1857 0ch
865 1815 927 1857 An.
952 1801 1038 1858 1180.

209 1966 269 2024 lai
281 1965 397 2023 Psalmi
409 1963 543 2022 dicentur
555 1962 642 2040 caper
654 1965 798 2022 lamiam
806 1975 1028 2042 paqaaturum:

210 2047 294 2104 Deus
307 2046 340 2102 in
353 2044 536 2120 adjutorium
550 2044 659 2121 (laia.)

211 2125 389 2184 Benedicam
403 2123 567 2180 DomInum
581 2122 722 2200 (xxcviii.)

211 2205 234 2264 J
235 2206 330 2276 udica,
345 2203 482 2274 Domine,
498 2209 637 2261 nocentes
651 2222 697 2260 me
711 2201 845 2280 (aa-iv.)

212 2286 274 2354 Qui
287 2285 404 2341 habitat
416 2282 496 2360 (aa.)

211 2364 389 2440 Symbolum.
433 2363 610 2440 Quicunque
623 2362 699 2422 vult.

212 2445 321 2503 Preces.

213 2524 262 2583 Ne
277 2523 482 2584 reminiscaris

213 2605 311 2681 Kyrie
325 2604 453 2681 eleyson.

213 2684 305 2744 Pater
318 2692 428 2744 noster.
469 2683 510 2741 Et
523 2702 569 2742 ne.

213 2765 351 2840 Domine,
365 2785 426 2823 non
439 2765 602 2823 secundum
615 2768 735 2842 peccato.
747 2769 849 2822 nostra
862 2762 953 2822 seciae
966 2763 1060 2822 nobis.

214 2845 352 2918 Domino,
366 2866 405 2905 ne
417 2845 586 2903 memineris
599 2846 797 2922 iniquitatum
810 2850 989 2904 nostrarum.

213 2927 335 3004 Adjuva
348 2946 412 3000 nos,
427 2926 510 2983 Deus
523 2926 662 2984 salutaris
675 2932 784 2984 noster.

215 3006 338 3065 Salvum
351 3008 398 3065 fac
411 3025 531 3064 servum
544 3011 642 3080 tuum,
656 3005 794 3064 Domine.

214 3085 307 3146 Mitte
318 3088 354 3160 ei,
370 3087 508 3159 Domine,
524 3088 671 3144 auxilium
686 3086 722 3143 de
736 3091 846 3144 sancto.

215 3166 289 3225 Esto
303 3168 340 3241 ei,
354 3167 491 3238 Domine,
506 3168 600 3225 turris
617 3166 810 3225 fortitudinis.

214 3245 287 3305 Non
299 3248 409 3305 timebo
423 3247 517 3305 millia
529 3247 639 3324 populi.
767 3269 768 3272 ¹

215 3327 402 3400 Convertere,
419 3326 557 3400 Domine,
570 3345 665 3402 usque
679 3344 746 3400 quo.

214 3407 352 3480 Domine,
366 3407 475 3465 exaudi
487 3407 650 3464 orationem
665 3423 768 3461 meam.

215 3487 363 3546 Dominus
375 3487 536 3546 vobiscum.
578 3487 712 3544 Oremus.

216 3566 318 3627 Oratio
331 3587 418 3644 caper
430 3576 545 3626 cautum
558 3575 584 3624 et
598 3565 741 3623 bacalum.

215 3647 297 3706 Deus
310 3649 505 3724 omnipotens,
520 3646 574 3722 qui
592 3644 748 3716 mundum,
763 3649 789 3700 et
802 3649 892 3699 cetera
906 3647 939 3696 at
952 3657 1052 3714 capra,
1063 3659 1091 3717 p.
1109 3639 1175 3698 103.

214 3727 355 3788 Sacerdos
368 3730 414 3787 det
426 3728 453 3788 ei
466 3735 581 3785 matam
594 3726 692 3783 dicens
705 3744 714 3785 .·

215 3808 327 3887 Accipe
340 3809 395 3867 hoc
408 3813 534 3878 scutum,
548 3814 575 3864 et
588 3814 679 3864 cetera
691 3810 725 3859 at
738 3819 839 3877 capra,
854 3818 885 3874 p.
897 3796 963 3856 106.

217 3888 305 3948 Dono
317 3889 454 3948 bacalum
467 3887 567 3945 dicat:

213 3968 326 4046 Accipe
339 3970 419 4028 hunc
431 3966 579 4037 baculum,
593 3972 620 4022 et
634 3971 724 4021 cetera
736 3968 771 4018 at
784 3978 876 4034 capra
889 3956 1003 4015 ibidem.

216 4047 313 4126 Super
331 4050 523 4127 accipientem.
568 4043 757 4101 Consortator
777 4046 807 4097 ct
827 4037 1039 4109 corroborator,
1055 4045 1081 4093 et
1101 4046 1192 4095 cetera
1205 4044 1239 4094 at
1258 4055 1358 4113 mpra,

154 4146 185 4206 Ρ.
203 4127 303 4270 liiiio
316 4210 363 4270 itti
376 4206 605 4270 benedictionem
649 4201 832 4271 confortare,
848 4204 874 4256 et
887 4203 977 4255 cetera
990 4203 1026 4256 at
1038 4215 1131 4272 cupra
1144 4195 1258 4255 itidem.
