3022 4966
394 225 396 230 ¹
477 280 565 350 ooo
587 280 635 347 aa
649 268 815 370 sacena
834 281 1029 370 spana,

223 607 349 666 Ore-do
386 609 420 665 in
465 626 588 665 n·num
615 607 750 665 Der-um.

211 734 334 793 Patrem
347 734 594 812 omnipotentem,
608 734 749 793 faetorem
763 734 829 792 cali
843 739 875 792 ct
887 741 984 808 terrae,
997 733 1164 794 visibilium
1180 735 1316 796 omnium
1330 744 1363 798 et

150 833 359 892 invisibilium
411 832 454 890 Et
477 832 511 889 in
537 850 632 890 unum
657 831 822 890 Dominum
845 830 952 890 Jesum
976 830 1139 905 Christum,
1164 833 1278 892 Filium
1302 834 1362 894 Dei

151 930 352 1008 unigenitum,
375 929 417 986 Et
438 948 478 988 ex
499 929 591 987 Patro
611 933 718 985 natum
738 927 809 986 ante
830 928 931 986 omnia
951 929 1074 989 saecula:
1104 930 1204 989 Deum
1225 932 1262 990 de
1284 932 1361 1008 Deo,

151 1026 271 1085 Lumen
289 1028 326 1085 de
347 1026 485 1099 Lumine,
500 1025 600 1084 Deum
620 1045 725 1085 verum
746 1025 783 1084 de
808 1024 873 1084 Deo
895 1045 974 1099 vero,
989 1027 1217 1088 Genitum'non
1239 1030 1361 1104 factum,

152 1123 439 1184 consubstantialem
459 1121 555 1196 Patri,
569 1143 623 1201 per
646 1141 736 1201 quem
757 1122 858 1181 omnia
878 1122 957 1181 facta
977 1129 1056 1183 sunt.
1099 1125 1161 1195 Qui
1174 1133 1296 1203 propter
1308 1146 1364 1188 nos

152 1222 291 1281 homines
311 1226 342 1279 et
355 1226 477 1299 propter
494 1224 628 1279 nostram
641 1218 769 1289 salutem
783 1218 935 1278 descendit
952 1218 989 1277 de
1006 1219 1092 1280 calis.
1135 1221 1177 1278 Et
1190 1222 1363 1284 incarnatus

152 1326 200 1378 est
213 1319 250 1378 de
264 1319 381 1396 Spiritu
399 1319 509 1378 Sancto
523 1337 563 1377 ex
576 1317 677 1375 Maria
690 1316 816 1394 virgine,
832 1315 874 1373 Et
887 1315 975 1374 homo
988 1316 1085 1377 factus
1097 1324 1151 1378 cst.
1194 1319 1364 1380 Crucifixus

153 1417 247 1477 etiam
259 1437 314 1495 pro
328 1417 414 1477 nobis
427 1418 484 1476 sub
498 1416 609 1476 Pontio
623 1414 733 1491 Pilato,
751 1433 834 1474 assus
852 1419 883 1472 et
900 1414 1035 1491 sepultus
1049 1422 1101 1475 est.
1143 1415 1186 1475 Et
1198 1419 1363 1477 resurrexit

152 1517 245 1594 tortia
258 1516 307 1575 die
320 1516 483 1575 secundum
497 1515 668 1592 scripturas,
683 1512 725 1571 Et
738 1512 872 1571 ascendit
886 1511 919 1569 in
932 1512 1047 1588 caelum,
1061 1514 1144 1573 sedet
1156 1515 1195 1573 ad
1209 1515 1364 1575 dexteram

154 1615 265 1689 Patris,
279 1614 321 1673 Et
341 1615 453 1673 iterum
472 1619 620 1672 venturus
640 1616 687 1670 est
704 1630 772 1669 cum
791 1610 888 1689 gloria
904 1610 1040 1687 judicare
1061 1613 1146 1671 vivos
1168 1617 1199 1675 ot
1219 1620 1362 1688 mortuos,

153 1712 338 1790 cujusregni
355 1710 490 1770 nouerit
505 1710 582 1768 finis.
625 1710 668 1767 Et
681 1709 713 1766 in
726 1709 875 1786 Spiritum
896 1708 1048 1783 Sanctum,
1064 1711 1229 1769 Dominum
1242 1719 1274 1771 ct
1286 1713 1363 1772 vivi·

153 1810 302 1883 ficantem,
318 1810 379 1880 Qui
392 1828 431 1867 ex
444 1808 536 1866 Patre
557 1794 695 1883 Filioque
715 1807 857 1883 procedit,
874 1805 1015 1876 Quicum
1033 1806 1124 1866 Patre
1137 1814 1169 1866 et
1183 1808 1261 1868 Filio
1275 1810 1364 1868 simul

128 1939 130 1943 ⁷
154 1909 298 1967 adoratur
319 1913 350 1966 et
371 1905 620 1983 conglorificatur,
642 1902 695 1979 qui
716 1904 833 1962 locutus
855 1909 902 1961 ost
924 1923 977 1981 per
999 1905 1166 1981 prophotas.
1210 1907 1251 1965 Et
1272 1926 1365 1965 unam

154 2012 289 2064 sanctam
328 2001 514 2063 catholicam
547 2009 579 2059 et
612 2000 819 2077 Apostolicam
859 2000 1029 2059 Ecclesiam.
1086 2000 1238 2060 Confiteor
1270 2022 1366 2061 unum

154 2102 306 2177 baptisma
318 2100 352 2156 in
365 2099 570 2156 remissionem
582 2102 779 2175 peccatorum
819 2097 862 2154 Et
878 2101 1017 2173 exspecto
1030 2098 1277 2157 resurrectionem
1290 2118 1366 2158 mor·

157 2203 290 2267 tuorum,
305 2195 348 2251 Et
361 2196 457 2251 vitam
470 2194 592 2251 venturi
605 2191 714 2250 saeculi.
756 2190 862 2250 Amen.

222 2291 418 2366 offertorium.

221 2387 403 2447 Benedictus
420 2385 461 2443 sit
474 2384 558 2443 Deus
575 2383 675 2458 Pater,
685 2384 918 2462 unigenitusque
932 2382 992 2443 Dei
1004 2383 1099 2458 Filiis,
1110 2383 1236 2445 Sanetus
1250 2405 1368 2465 quoque

159 2487 298 2565 Spiritus,
314 2485 386 2563 quia
398 2483 470 2542 fecit
484 2482 638 2542 nobiscum
651 2479 885 2540 misericordiam
898 2499 992 2540 suam.

219 2584 343 2643 Secreto.

218 2676 386 2748 Sanctifioa,
408 2691 585 2751 quaesumus,
608 2671 737 2730 Domine
757 2671 840 2730 Deus
859 2677 970 2745 noster,
983 2690 1038 2749 per
1056 2672 1103 2729 tui
1122 2673 1218 2733 sancti
1238 2675 1368 2736 nominis

157 2774 385 2844 invocationem,
402 2778 433 2829 et
446 2790 499 2848 per
513 2768 676 2847 Unigeniti
688 2769 735 2828 tui
749 2769 903 2843 virtutem,
918 2768 1009 2846 hujus
1023 2769 1183 2830 oblationis
1195 2771 1324 2832 hostiam
1337 2781 1369 2835 et

157 2876 332 2950 cooperante
363 2868 479 2946 Spiritu
511 2867 629 2940 Sancto,
652 2885 790 2944 peream
816 2865 1013 2943 nosmetipsos
1041 2867 1098 2926 tibi
1123 2870 1230 2947 perfice
1256 2891 1368 2934 munus

159 2974 314 3028 aeternum.

218 3064 292 3122 Alio
305 3061 420 3122 Secreto
433 3062 486 3121 rob
499 3082 563 3120 arm
576 3059 764 3121 wndtwrhnc.

220 3159 352 3236 Suscipe,
364 3177 543 3236 quaeamus,
554 3157 692 3231 Domine,
703 3177 757 3236 pro
770 3176 853 3216 sacra
865 3157 1008 3217 connubii
1021 3158 1085 3236 lege
1097 3179 1207 3219 munus
1220 3161 1366 3236 oblatum,

159 3261 191 3315 et
201 3256 286 3332 cujus
295 3255 421 3331 largitor
430 3273 462 3313 es
472 3255 576 3331 operis,
587 3260 650 3313 esto
660 3255 827 3332 dispositor.
864 3253 924 3313 Per
933 3255 1098 3312 Dominum
1105 3261 1250 3330 nostrum,
1262 3258 1285 3315 J
1285 3278 1368 3316 esum

161 3350 327 3423 Christum,
342 3349 456 3408 Filium
475 3356 571 3425 tuum,
587 3351 640 3428 qni
660 3357 760 3410 tecum
775 3350 854 3409 vivit
876 3355 907 3409 et
928 3356 1033 3428 regnat
1054 3352 1088 3409 in
1104 3353 1222 3410 unitate
1238 3353 1371 3430 Spiritus

163 3448 267 3507 Sancti
282 3447 373 3506 Deus.

205 3752 265 3810 Per
285 3752 430 3810 omni-a
453 3750 599 3809 saon-la
626 3748 884 3808 sae·cu·lo·rnm.
928 3746 1105 3808 Domi-nus
1133 3750 1357 3812 vobis-oum.

227 3897 1367 3975 ner-m

396 3996 416 4011 ιι
442 3980 584 4013 Ι-.
609 3978 1037 4011 2—ss-

179 4048 315 4107 Sursum
328 4049 442 4108 cor-da.
487 4047 670 4107 Gra-tias
702 4066 872 4126 aga-mus
886 4047 1054 4108 Domi-no
1095 4047 1191 4108 Dc-o
1221 4046 1350 4122 nos-tro.

155 4168 161 4179 a

165 4190 1374 4206 m

163 4309 1375 4326 W

188 4351 296 4411 Varo
309 4352 444 4430 dig-num
458 4357 489 4409 et
498 4351 626 4427 jus-tum
648 4356 703 4422 est,
730 4368 859 4426 aequum
873 4356 903 4408 et
929 4335 1045 4408 sa·lu'-
1059 4355 1112 4408 ta·
1122 4367 1163 4420 re,
1178 4367 1233 4407 nos
1254 4349 1281 4406 ti
1291 4350 1341 4409 -bi
