3022 4966
153 341 212 403 10·
500 337 667 432 Manuale
682 286 996 406 adanumSorum.

211 501 360 578 Sequatur
383 502 533 580 adjuratio
559 523 648 580 super
665 502 838 578 seminam:
865 504 954 582 Ergo,
975 503 1141 576 maledicto,
1163 512 1190 562 et
1210 511 1304 562 cetera
1325 514 1362 562 ut

152 603 188 642 ru
208 604 253 654 ra,
268 584 384 642 ibidem.

183 604 288 721 pItcm
300 662 542 740 superseminant
556 672 672 722 tantum
685 665 796 723 dicitur
808 665 868 724 bae
880 685 1000 740 sequens
1014 663 1117 724 Oratio
1135 663 1198 723 sine
1208 663 1363 723 Dominus

151 744 311 816 vobiscum,
326 753 353 802 et
366 743 428 801 sine
442 745 576 804 Oramus.
620 745 729 803 Oratio.

212 823 294 881 Deus
315 824 469 882 Abraham
489 845 580 900 usque
600 827 640 882 ad
660 832 691 882 et
711 825 787 884 hanc
807 825 947 884 famulam
962 831 1053 898 tuam,
1068 825 1183 902 respice,
1197 824 1237 882 N.
1252 830 1363 901 etper-

151 903 265 976 ducere,
282 913 308 962 et
322 914 413 963 cetera
426 914 459 962 ut
473 926 575 981 supra,
589 907 704 964 ibidem

211 984 359 1060 Sequatur
371 986 543 1061 adjuratio:
563 987 651 1063 Ergo,
666 986 831 1058 maledicte,
846 995 993 1061 utsupra.

211 1065 399 1124 It'aorcismus
418 1087 506 1143 sicper
516 1068 667 1142 seminam
688 1076 805 1126 tantum
825 1068 887 1125 sine
907 1067 1056 1124 Dominus
1068 1065 1228 1135 vobiscum,
1242 1073 1270 1122 et
1293 1066 1362 1125 sine

152 1143 285 1205 Orcmus.
331 1146 440 1205 Oratio.

212 1226 355 1285 Exorcizo
369 1233 409 1298 te,
423 1228 574 1285 immunde
587 1227 716 1304 spiritus.

210 1306 360 1382 Sequatur
372 1308 523 1383 adjuratio
536 1307 776 1383 superseminant
785 1331 795 1367 .·
816 1308 904 1385 Ergo,
917 1307 1081 1377 sistemate,
1095 1315 1130 1364 ut
1143 1326 1243 1382 supra.

210 1387 328 1445 Eainde
348 1398 409 1444 tam
428 1407 515 1461 super
534 1387 677 1445 masculos
696 1408 786 1463 quam
805 1409 893 1464 super
907 1388 1042 1463 sentinas
1058 1387 1198 1445 ducatur
1211 1385 1363 1444 oraticnss

150 1477 303 1541 sentientes,
319 1468 380 1526 sine
394 1467 540 1525 Dominus
554 1468 715 1539 vobiscum,
730 1478 756 1527 et
770 1469 832 1528 sine
846 1471 979 1527 Oramus.

210 1545 271 1604 Hic
281 1547 383 1621 saciat
402 1545 543 1606 Sacerdos
562 1569 675 1607 crucem
691 1569 759 1608 curn
773 1550 878 1626 polliae
891 1551 926 1608 in
930 1549 1034 1624 fronte
1048 1547 1186 1623 infantis,
1202 1554 1360 1623 mammazas

151 1646 274 1684 manum
287 1646 373 1702 super
386 1637 474 1707 caput
487 1627 549 1702 ejus
561 1629 642 1687 duat
651 1652 661 1688 .·

210 1706 370 1765 AEternam
389 1727 423 1765 ac
440 1709 635 1783 justissimam
658 1730 750 1785 usque
772 1710 914 1769 adhunc
936 1709 1183 1767 famulaminum
1202 1705 1259 1785 (vel
1278 1705 1359 1766 hano

150 1785 291 1844 famulam
306 1787 411 1866 tuum),
425 1789 539 1864 respice,
555 1789 595 1847 N.
611 1795 647 1847 ut
660 1790 799 1866 digneris,
814 1800 841 1849 et
855 1800 946 1850 cetera
960 1798 1110 1865 utsupra,
1125 1807 1152 1863 p.
1170 1788 1196 1844 9.

210 1878 281 1938 Sine
295 1880 428 1954 Oramus,
443 1881 506 1939 aba
521 1881 624 1940 Oratio
633 1892 779 1958 sequatur.

211 1958 242 2017 N
243 1979 275 2017 ec
289 1966 319 2018 to
332 1960 407 2018 latet
419 1981 509 2037 usque
522 1964 563 2019 ad
576 1964 614 2020 ab
625 1963 678 2021 hoc
689 1963 800 2022 famulo
815 1964 872 2021 Dei
884 1963 940 2041 (vel
952 1963 1007 2020 hac
1021 1962 1132 2020 famula
1145 1959 1225 2037 Dei),
1237 1960 1356 2035 respice,

150 2038 190 2097 N.
206 2059 294 2116 quem
308 2040 364 2118 (oet
376 2043 478 2121 quam)
492 2043 589 2115 hodia,
603 2053 629 2101 et
642 2053 734 2101 cetera
747 2053 898 2121 utsupra,
913 2045 1028 2102 ibidem.

210 2132 271 2192 Hic
288 2134 375 2192 dictis
389 2134 468 2193 dicat
482 2135 640 2195 Sacerdos:
664 2136 812 2194 Dominus
826 2136 985 2194 vobiscum
1028 2135 1069 2192 Et
1083 2153 1151 2191 cum
1168 2132 1276 2209 spiritu
1291 2138 1355 2190 tuo.

210 2225 406 2301 Evanqebium
419 2229 578 2286 secuudum
592 2227 775 2287 Mattbaeum.

211 2306 251 2363 In
264 2308 316 2364 illo
329 2313 469 2384 tempore,
486 2309 587 2367 Obisti
600 2315 671 2367 sunt
684 2309 705 2367 J
707 2329 759 2367 esu
772 2309 897 2388 parvuli.

209 2399 324 2458 Deinde
346 2411 434 2477 spicat
457 2401 597 2460 Sacerdos
620 2402 655 2459 in
677 2403 800 2462 sinistra
813 2401 933 2473 manu?
950 2411 976 2460 at
998 2409 1100 2473 tanaat
1120 2419 1207 2457 artrcs
1223 2407 1249 2456 et
1268 2419 1361 2456 nares

147 2478 276 2554 infautia
288 2502 356 2540 cum
366 2483 470 2557 pollice
482 2503 534 2540 seco
547 2484 661 2541 dextero
674 2484 710 2541 de
722 2495 806 2560 sputo
820 2481 865 2562 [in
879 2485 998 2541 necdum
1009 2475 1223 2560 crucis-MS]
1234 2479 1360 2538 dicendo

149 2559 191 2617 ad
212 2580 314 2620 aurem
336 2563 491 2634 dexteram,
511 2563 617 2633 Eiteia,
639 2564 718 2639 quod
739 2572 784 2622 est
802 2564 971 2640 adaperire;
998 2563 1152 2631 adureres,
1173 2560 1212 2617 In
1233 2559 1357 2617 odorem

149 2642 323 2713 suavitatis3
346 2644 387 2699 ad
407 2664 508 2700 arerem
529 2644 689 2716 sinistram,
709 2646 753 2702 Tu
774 2653 874 2702 autam
895 2645 1023 2719 effugare
1044 2642 1176 2712 diabolo;
1197 2641 1356 2716 appropin-

54 2796 57 2802 ῃ
149 2722 254 2795 quabit
267 2724 346 2778 anim
357 2724 505 2797 judicium
521 2723 587 2780 Dei.

208 2814 312 2871 Postea
333 2817 411 2871 dicat
429 2816 568 2873 Sacerdos
584 2817 779 2890 conrpatribus
797 2827 822 2874 ct
841 2816 1046 2874 commatribus
1063 2836 1126 2871 rina
1140 2834 1205 2871 cum
1219 2815 1355 2872 omnibus

148 2894 402 2952 circumstantibus
423 2904 456 2951 ut
478 2896 537 2970 ipsi
559 2897 659 2952 dicaut
681 2898 721 2952 nd
742 2896 883 2957 inuicem:
908 2898 999 2954 Pater
1020 2904 1128 2966 nostor,
1153 2896 1220 2950 Ave
1243 2894 1352 2962 Maria,

147 2983 173 3030 et
189 2974 290 3031 Credo.
336 2975 416 3044 Quem
433 2976 521 3032 ctiam
542 2977 601 3050 ipsc
621 2976 760 3034 Sacerdos
780 2978 859 3035 dicat
882 2979 994 3035 curatis
1014 2976 1201 3034 audientibus
1223 2974 1356 3033 uidelicet

148 3055 269 3111 modeste
283 3067 308 3111 st
323 3056 455 3113 distincte
468 3056 524 3114 sic:

209 3134 300 3191 Pater
313 3143 420 3193 noster.

207 3216 276 3272 Avo
291 3216 396 3275 Maris.

208 3295 301 3353 Credo
315 3297 347 3353 in
363 3298 469 3355 Deum.

206 3395 286 3459 'fllia
304 3397 390 3454 dictis
399 3397 499 3471 faciat
517 3398 656 3455 Sacerdos
669 3399 787 3473 sianum
806 3397 899 3455 crucis
917 3398 951 3454 in
965 3415 1057 3453 naanu
1076 3395 1190 3452 cicatera
1210 3392 1351 3468 infantis,

145 3477 321 3552 interranum
334 3479 395 3553 ejus
408 3480 532 3549 nomine,
547 3481 591 3536 ita
604 3481 722 3538 dicens:

207 3558 302 3615 Trado
329 3561 385 3616 tibi
412 3560 596 3635 signaculum
625 3559 748 3617 Domini
774 3559 869 3616 nostri
896 3559 969 3616 Josu
998 3556 1110 3613 Christi
1131 3556 1163 3611 in
1185 3573 1274 3611 manu
1295 3560 1352 3613 tua

145 3637 275 3708 dextera,
291 3647 327 3697 ut
346 3647 376 3698 te
396 3642 492 3717 signes
513 3648 543 3698 et
563 3643 600 3697 ab
622 3642 744 3698 adversa
763 3646 845 3716 parto
864 3639 996 3711 repellas
1021 3645 1051 3693 ot
1069 3639 1101 3693 in
1119 3636 1176 3693 fide
1195 3634 1352 3693 Catholica

145 3737 323 3794 permaneas,
346 3729 376 3778 ot
403 3721 510 3778 habeas
534 3722 627 3778 vitam
655 3729 805 3791 aeternam,
827 3727 857 3777 et
877 3720 960 3776 vivas
981 3719 1013 3775 in
1035 3717 1141 3775 saecula
1164 3714 1348 3773 saeculorum.

146 3801 254 3858 Amen.

992 3948 1346 3956 *μὴ-

204 4033 220 4064 *
241 4036 412 4093 ais-“ta
425 4055 518 4092 aranu
530 4054 586 4091 sua
599 4035 741 4093 dextera.''

203 4115 436 4175 'ctas-“tlte
457 4115 550 4186 dictis,
571 4116 650 4172 dicat
671 4115 810 4173 Sacerdos
830 4135 918 4191 ευμεν
939 4115 1092 4188 infantem,
1112 4114 1229 4187 sianum
1251 4115 1349 4173 micis

134 4191 284 4267 socienda,
300 4195 339 4252 In
352 4196 472 4253 nomine
487 4194 585 4252 Patris
599 4201 630 4252 et
644 4194 715 4252 Filii
729 4201 760 4252 et
774 4195 904 4271 Spiritus
918 4195 1027 4253 Sancti.
1070 4196 1178 4251 Amen.

205 4275 341 4333 “Deinde
358 4276 533 4349 interroqato
550 4276 666 4332 nemim
683 4275 811 4350 infantis
829 4277 954 4352 accipiat
977 4296 1043 4334 euru
1061 4296 1116 4350 per
1137 4294 1260 4332 uranum
1280 4275 1347 4333 dca-

143 4360 235 4411 teram
248 4361 274 4411 et
287 4354 382 4413 dicat:
402 4355 497 4413 Trsdo
510 4355 575 4428 tibi,
591 4364 617 4413 et
631 4365 729 4415 mura.

205 4435 333 4492 “Postea
345 4435 540 4507 introducat,'’
553 4444 579 4494 et
592 4444 691 4495 cetera.
