3022 4966
275 315 360 381 xxvi
804 308 950 398 owou.

275 480 381 548 books
401 479 483 546 used
497 480 533 545 in
554 477 721 546 Ohurohes
737 478 775 542 in
793 476 851 542 the
869 477 1005 543 Diooese
1023 475 1062 543 of
1076 474 1181 556 York,
1194 475 1303 543 which
1317 498 1406 545 were
1422 485 1492 546 nol

276 583 315 649 of
328 583 424 649 York
436 583 515 661 Use;
529 603 584 648 ere
598 580 727 647 onrious
737 605 789 645 :—

342 717 460 784 Fabrio
473 717 574 795 Rolls,
591 719 664 782 254„
705 716 755 782 At
767 714 827 782 the
840 715 972 782 Ohnreh
985 716 1024 783 of
1033 714 1214 804 Inrelhorp
1229 717 1487 806 (Inyerlhorpe

143 890 146 895 ,
277 842 299 884 a
312 818 439 885 suburb
452 819 490 884 of
500 818 652 905 York)—

397 931 520 996 Missnle
532 950 594 989 non
606 936 653 989 est
664 930 702 989 de
714 949 771 989 usu
784 930 876 990 Ebot.

344 1059 443 1139 Ibis,
470 1063 542 1127 289.
591 1061 634 1124 In
657 1058 716 1125 the
742 1057 926 1136 Oalhedrnl,
953 1063 990 1124 at
1013 1058 1071 1125 the
1096 1059 1181 1125 altar
1205 1059 1243 1127 of
1266 1060 1299 1128 S.
1325 1060 1420 1128 John
1452 1064 1493 1130 of

279 1159 485 1244 Beverley—

400 1267 529 1342 Misenis,
544 1268 595 1327 sed
608 1273 655 1327 est
671 1267 857 1338 insufficiens,
871 1267 943 1344 quie
955 1286 1017 1326 non
1032 1267 1069 1326 de
1078 1286 1142 1327 usn

342 1391 439 1471 Ibis,
456 1394 530 1458 298.
574 1391 695 1457 Atshe
709 1391 845 1455 allatos
859 1390 891 1456 S.
907 1389 1108 1454 Nicholes—

400 1502 507 1561 Unum
519 1501 783 1580 Antiphonsrium,
798 1500 850 1559 sed
865 1519 926 1558 non
940 1500 977 1558 de
990 1519 1056 1558 usu.

343 1658 476 1743 Among
489 1658 547 1722 the
562 1658 658 1723 W1lls
671 1679 727 1723 ore
740 1656 798 1722 the
811 1655 980 1741 following
989 1653 1127 1741 legeeies
1140 1654 1179 1720 of
1187 1653 1292 1720 books
1305 1656 1485 1745 sooording

278 1765 315 1825 lo
328 1758 386 1824 the
400 1759 470 1824 Use
484 1759 522 1824 of
532 1759 658 1838 Ssnnm,
671 1764 707 1824 to
721 1758 816 1823 York
830 1756 1042 1823 Ohurohes-

340 1878 367 1937 1.
392 1879 457 1936 190.
500 1879 580 1956 lego
593 1879 731 1938 Eoolesiae
748 1898 821 1938 mese
838 1879 875 1938 de
893 1879 1062 1937 Presieeote
1075 1876 1163 1958 (ins
1180 1876 1369 1956 Innosshim)
1384 1897 1486 1938 unum

279 1957 504 2035 Portiphorium
517 1979 657 2037 magnum
670 1965 807 2017 notatum
819 1979 891 2017 usus
904 1959 1019 2018 Sarum.

320 2039 369 2097 II.
391 2041 457 2098 126.
500 2039 580 2117 lego
590 2040 844 2098 uniEoolesiemm
852 2040 889 2097 de
897 2037 1250 2115 Herdeby(Hnrby,nenr
1257 2037 1486 2118 Noltingbnm),

279 2118 465 2197 Plomgerth,
478 2120 645 2178 Barkeston
656 2121 701 2199 (in
714 2119 838 2197 Elmet),
852 2127 883 2178 el
898 2118 1056 2190 Redwrell,
1071 2121 1200 2177 maxime
1213 2119 1370 2196 indigenti,
1384 2139 1485 2178 unum

278 2199 389 2259 librum
403 2201 596 2260 Portifoxinm
609 2207 745 2260 nostrum
758 2200 795 2258 de
808 2218 865 2258 usu
878 2200 985 2259 Serum
998 2218 1051 2275 pro
1061 2218 1176 2257 summo
1189 2199 1285 2258 altori.

339 2280 431 2354 Ibis,
442 2282 489 2340 39.
521 2281 601 2359 Lego
609 2281 747 2341 Floeleeise
755 2279 917 2358 pnroehioli
924 2281 961 2338 de
970 2279 1134 2356 Fasington
1144 2299 1239 2338 unum
1246 2278 1369 2338 Misssle
1377 2279 1416 2338 de
1425 2298 1486 2339 usu

279 2360 387 2420 sarum
399 2381 453 2439 pro
466 2382 582 2421 summo
593 2362 690 2421 nitori

339 2441 428 2516 Ibid„
440 2443 508 2502 181.
536 2442 616 2520 Lego
626 2442 764 2502 Eoolesise
774 2439 937 2518 parochiali
943 2440 980 2498 de
991 2438 1144 2517 Gedelyng
1154 2438 1377 2517 (Notlinghsm)
1386 2458 1488 2498 unum

279 2519 409 2594 Missale,
425 2543 519 2580 unum
532 2522 752 2581 Prooemionnle
769 2528 801 2582 et
817 2540 912 2579 unum
926 2520 1068 2579 Mnnuele
1085 2520 1247 2579 secundum
1260 2539 1348 2579 usum
1361 2519 1486 2593 Sarum,

280 2606 312 2658 et
325 2619 420 2658 unum
432 2621 546 2668 novum
559 2602 695 2661 Grednle.

347 2752 411 2817 111.
456 2752 497 2816 In
508 2753 566 2818 the
577 2752 650 2817 nist
660 2753 697 2817 os
708 2753 847 2819 Anticles
854 2754 1032 2839 belonging
1044 2759 1080 2819 to
1094 2753 1151 2819 the
1162 2753 1284 2840 Ohapel
1295 2753 1333 2819 of
1343 2753 1490 2822 Thomas

283 2856 426 3022 leorllzog
450 2855 564 2921 Canon
593 2856 822 2942 Residenliary
845 2857 882 2922 of
906 2857 1009 2936 York,
1032 2880 1137 2937 occur,
1165 2858 1292 2924 besides
1320 2856 1426 2924 books
1457 2860 1498 2926 of

316 2978 353 3022 or
426 2978 505 3022 se-

527 3046 632 3104 Unum
646 3061 787 3119 magnum
800 3046 994 3105 Portiferium
1004 3047 1042 3106 de
1055 3066 1112 3106 usu
1127 3047 1240 3107 Samni

527 3127 633 3185 Unum
646 3125 773 3185 Porlnse
786 3127 823 3185 de
833 3147 890 3185 usu
904 3128 1018 3186 Serum.

526 3207 632 3265 Unum
645 3226 771 3284 pervum
785 3207 979 3266 Portiserium
993 3208 1029 3266 de
1043 3228 1101 3267 usu
1115 3209 1230 3267 Serum.

349 3315 539 3394 Ibid.‚133.
592 3318 635 3382 In
656 3318 715 3383 the
741 3317 925 3404 Invenlory
953 3319 991 3384 of
1015 3319 1160 3385 Willinm
1188 3317 1343 3396 Duffield,
1373 3317 1495 3385 Onnon

285 3418 517 3506 Residenlinry
525 3421 558 3486 ol
571 3421 671 3486 York
717 3421 760 3485 In
773 3421 830 3486 the
840 3421 972 3506 Ohspel,
982 3422 1111 3487 besides
1121 3422 1215 3487 York
1228 3421 1345 3499 Books,
1357 3442 1496 3489 were-

600 3532 707 3590 Unum
721 3531 915 3590 Portiserinm
928 3532 964 3590 de
978 3552 1035 3591 usu
1049 3533 1164 3592 Serum.

349 3699 407 3765 IV.
442 3701 514 3765 143.
568 3696 775 3782 Aschbishop
801 3688 1004 3760 Rotherham
1036 3698 1180 3781 gavelo
1205 3692 1419 3779 thecollege
1447 3694 1493 3761 he

283 3802 429 3868 founded
443 3807 480 3866 ab
493 3800 741 3865 Rolherhom—

347 3924 365 3980 2
380 3921 509 3994 Misenis
522 3940 578 3979 one
591 3921 625 3979 ol'
634 3919 730 3994 York,
744 3919 798 3978 the
810 3919 897 3978 other
909 3920 944 3977 of
953 3917 1059 3977 Serum
1073 3918 1145 3977 Use.

352 4082 395 4146 In
409 4081 467 4144 IV.
491 4080 542 4150 75.
586 4078 710 4144 Roberl
731 4078 889 4164 Bellsmy,
903 4077 1028 4144 Master
1041 4082 1074 4143 ol
1095 4076 1126 4142 S.
1141 4075 1313 4142 Leonard’s
1327 4075 1499 4163 Hospita,

286 4183 390 4264 York,
404 4183 569 4248 directu—

349 4311 390 4368 Es
403 4308 477 4367 dieti
489 4306 656 4384 presbyteri
670 4305 821 4386 (Ecclesioe
833 4305 885 4364 ubi
899 4305 1047 4384 contingit
1062 4324 1110 4364 me
1123 4303 1253 4384 sepeliii)
1267 4304 1367 4363 dicent
1379 4302 1415 4360 in
1428 4302 1497 4363 dies

287 4389 452 4468 Exsequies
470 4408 538 4448 oum
552 4388 704 4448 Laudibus
716 4393 747 4446 el
762 4387 1022 4446 Oommendnlione
1040 4386 1202 4446 secundum
1220 4385 1354 4444 ordinem
1372 4382 1495 4444 Serum.
