3022 4966
480 335 648 403 Manuale
662 335 709 401 ad
722 357 825 401 ›aeam
839 336 975 402 Sciam.

263 503 374 562 Omnes
387 504 482 563 sancti
495 503 690 573 Confessores,
703 508 785 560 orate
798 520 851 578 pro
864 502 958 560 nobis.

263 583 374 644 Omnes
386 583 483 642 sancti
496 582 638 641 Monachi
651 589 682 640 et
695 581 844 654 lii-emitte,
859 589 942 640 orate
955 600 1009 658 pro
1021 581 1115 641 nobis.

302 663 413 722 Sancta
425 663 525 722 Maria
538 662 724 740 Magdalena,
739 681 791 721 ors
803 681 858 739 pro
870 661 964 723 nobis.

305 743 414 803 Sancta
423 743 523 802 Maria
535 743 722 820 AEgyptiace,
736 762 789 800 ora
800 761 854 818 pro
867 742 959 801 nobis.

302 823 412 882 Sancta
425 824 605 900 margareta
619 843 670 881 ora
682 842 736 900 pro
749 822 842 880 nobis.

302 904 412 964 Sancta
425 903 613 976 Scholastica,
628 922 680 961 ora
694 923 746 979 pro
760 903 853 960 nobis.

302 983 411 1044 Sancta
424 983 601 1056 Petronclla,
616 1003 668 1040 ora
680 1002 734 1059 pro
747 983 840 1040 nobis.

303 1063 412 1123 Sancto
425 1064 583 1136 Gonoussa,
599 1083 651 1121 ora
664 1083 717 1140 pro
730 1062 826 1120 nobis.

302 1144 412 1203 Sancte
425 1144 578 1217 Praxedis‚
594 1163 646 1201 ora
658 1163 712 1220 pro
725 1142 819 1200 nobis.

302 1223 411 1283 Sancta
424 1225 564 1297 Setheris,
579 1243 631 1282 ora
644 1243 698 1300 pro
711 1222 803 1282 nobis.

302 1304 412 1364 Sancta
425 1304 535 1375 Prisca,
550 1324 602 1362 ora
614 1322 667 1380 pro
681 1304 774 1363 nobis.

301 1384 410 1444 Sancta
422 1385 516 1458 'secla
531 1404 583 1443 ora
595 1404 649 1462 pro
663 1384 755 1441 nobis

302 1465 411 1524 Sancta
423 1464 509 1538 Aina,
524 1485 576 1523 ora
587 1483 642 1541 pro
655 1465 748 1522 nobis.

301 1544 411 1604 Sancta
423 1545 543 1615 Editha,
557 1565 609 1603 ora
621 1564 674 1621 pro
689 1544 780 1601 nobis.
801 1563 802 1567 ¹

261 1625 370 1685 Omnes
384 1632 492 1684 sanctae
506 1625 657 1702 Virgines,
671 1631 752 1682 orata
766 1644 820 1701 pro
832 1623 927 1683 nobis.

263 1705 374 1764 Omnes
388 1705 499 1778 Sancti,
514 1712 596 1763 orate
609 1723 663 1781 pro
676 1704 769 1761 nobis.

199 1802 259 1860 Hic
273 1802 370 1877 itaque
385 1801 538 1878 acceptatis,
550 1802 666 1860 accedat
675 1799 813 1858 Smerdes
825 1798 1007 1873 adsentiam
1020 1801 1264 1872 comccratioacm,
1274 1822 1339 1877 qua

56 1937 57 1941 ,
138 1901 247 1958 semper
260 1882 449 1939 dicatureinc
462 1888 560 1952 canta,
573 1881 635 1938 aiei
655 1888 771 1937 tantam
783 1880 817 1936 ia
843 1879 951 1954 Viqe'lia
971 1879 1091 1938 Pascha
1104 1889 1130 1938 ct
1143 1881 1338 1953 Paeanem

140 1970 208 2020 tuac
228 1961 307 2020 atim
324 1968 443 2019 cacata
460 1961 586 2018 secunda
603 1959 734 2031 Licania,
752 1959 877 2034 incipiat
894 1958 1034 2018 Sacerdos
1046 1960 1087 2017 ad
1104 1960 1183 2018 hunc
1202 1960 1296 2020 &icum
1309 1972 1336 2021 ct

140 2049 233 2099 cantet
246 2041 374 2099 modesta
387 2059 451 2098 accc
463 2039 516 2098 doc
528 2040 633 2097 niodo:

200 2119 348 2178 Dominus
360 2118 527 2176 vobiscum.
563 2119 604 2176 Et
617 2137 685 2176 cum
698 2118 806 2193 spiritu
819 2124 880 2175 tuo.
922 2117 1056 2176 Oramus.

200 2197 397 2275 Omnipotens
417 2199 594 2275 sempiterne
615 2199 698 2256 Deus
718 2198 819 2255 adesto
832 2217 922 2272 eaque
935 2199 976 2255 cd
990 2197 1118 2274 Spiritus
1132 2198 1234 2258 Sancti
1248 2201 1339 2273 Deus,

140 2287 174 2335 at
188 2298 288 2354 supra,
304 2297 331 2355 p.
350 2279 396 2338 14.

200 2359 260 2417 Hic
272 2366 364 2416 caedet
377 2377 470 2416 ccccm
483 2377 569 2416 suam
582 2376 659 2415 mora
667 2355 854 2432 prosatioais
866 2356 965 2415 diceas
974 2380 984 2416 .·

200 2438 259 2496 Per
279 2438 387 2511 omnia,
403 2446 430 2496 et
450 2447 547 2496 catera.
583 2437 664 2495 Vere
684 2437 814 2512 dignum,
837 2445 863 2495 ct
882 2445 973 2495 cetera
992 2444 1028 2493 at
1046 2456 1147 2514 capra,
1166 2439 1236 2498 ibid.
1281 2441 1341 2511 Qui

139 2518 283 2576 invisibili
297 2519 432 2594 potentie
444 2538 534 2593 asqccc
547 2518 588 2576 ad
600 2518 726 2594 gratiam
741 2518 778 2573 dc
792 2517 907 2593 Spiritu
921 2516 1037 2574 Sancto.

200 2599 258 2658 Hic
271 2599 386 2657 diuidat
398 2618 508 2673 aquam
521 2617 615 2656 ciana
627 2618 683 2656 aaa
697 2598 813 2655 dextera
825 2598 859 2655 ia
868 2598 989 2655 necdum
1002 2596 1114 2657 aucis:

200 2679 259 2748 Qui
272 2679 349 2738 hanc
361 2699 470 2755 aquam
482 2698 572 2754 aequa
585 2678 627 2737 ad
639 2678 734 2754 rigare
748 2679 894 2754 praecepit

199 2759 258 2817 Hic
271 2759 367 2836 ejiciat
381 2759 521 2818 Sacerdos
538 2779 647 2834 aquam
661 2759 695 2816 de
703 2758 791 2832 foatc
800 2778 856 2834 per
869 2766 996 2834 caduce·
1002 2766 1105 2834 partae
1117 2779 1211 2819 amaa
1224 2759 1340 2820 dextera

137 2839 171 2898 ia
185 2840 304 2898 modam
317 2840 430 2898 crucis:

199 2920 258 2990 Qui
272 2926 303 2978 tc
317 2920 350 2977 in
363 2919 478 2978 deserto
492 2920 636 2994 usquead
649 2925 679 2976 et
694 2918 823 2995 Spin'tus
837 2918 946 2977 Sancti

197 3001 257 3059 Hic
269 3008 360 3061 maai
372 3018 466 3059 ccccm
478 3020 564 3058 cuam
577 3000 664 3074 quasi
677 2998 792 3073 laperado
806 3008 832 3058 ct
845 2999 943 3058 dicat:

198 3080 273 3138 Haec
284 3080 371 3138 nobis
380 3086 526 3157 precepta
536 3079 732 3150 servantibus,
741 3086 777 3137 tu
787 3080 869 3137 Deus
883 3080 1077 3158 omnipotens,
1085 3082 1212 3142 clemens
1220 3082 1321 3142 adesto
1331 3105 1339 3156 ;

137 3166 173 3218 tu
186 3160 331 3238 benignus
344 3161 449 3238 aspira.

197 3239 258 3299 Hic
270 3240 380 3317 aspirat
395 3250 437 3298 tec
449 3240 606 3315 insontem
618 3240 653 3298 ia
665 3240 786 3296 caedam
800 3238 901 3312 crucia
917 3242 1020 3300 deiude
1033 3242 1113 3300 dicat
1126 3241 1242 3319 kaaedo
1256 3245 1314 3302 sic:

198 3319 245 3377 Tu
256 3320 311 3378 has
324 3320 471 3398 simplices
485 3340 575 3395 aequa
588 3322 629 3377 ad
642 3319 791 3376 mentibus
804 3320 941 3387 efficaces.
1067 3366 1073 3371 .

197 3399 258 3458 Hic
270 3400 358 3460 attat
377 3400 516 3459 Sacerdos
536 3400 570 3457 dc
590 3418 665 3457 cerco
685 3397 901 3472 insanientis
920 3401 1041 3464 modam
1061 3401 1177 3470 caucin
1197 3411 1224 3459 ct
1238 3412 1341 3478 postea

137 3479 216 3538 dicct
228 3499 306 3539 mora
313 3479 502 3556 proefatioais
514 3499 524 3536 :

197 3559 364 3619 Descendet
376 3580 467 3636 usqae
481 3560 521 3616 ad
534 3557 648 3616 effectu.

136 3719 158 3776 d
197 3640 283 3700 ‘Hic
295 3641 411 3700 dividat
430 3639 571 3698 Sacerdos
584 3656 695 3711 aquam
713 3655 779 3694 cum
800 3655 877 3695 cerco
897 3637 932 3694 in
944 3637 1032 3712 fonte
1052 3637 1087 3695 ia
1106 3639 1227 3697 veodam
1247 3641 1341 3701 crucis

158 3719 257 3780 iccado
267 3745 277 3781 :

198 3799 260 3859 Hic
273 3801 408 3860 omnium
422 3817 513 3875 aeque
527 3798 569 3856 cd
581 3797 766 3855 emundetur.

197 3879 258 3940 Hic
279 3881 361 3940 collect
381 3881 522 3940 Sacerdos
535 3898 646 3937 meam
663 3879 698 3936 dc
716 3896 804 3951 aqua,
826 3877 880 3937 iet
894 3877 994 3936 cadat
1007 3876 1115 3952 clerico,
1130 3897 1150 3937 a
1161 3898 1219 3954 quc
1233 3879 1338 3940 ibidem

137 3969 239 4018 contra
245 3962 346 4037 scalae
360 3970 500 4032 tencatur,
516 3959 741 4033 docacfiaiatar
755 3966 814 4015 tota
822 3956 993 4034 messatici

198 4040 245 4100 Ut
259 4042 356 4100 omnis
369 4042 457 4100 homo
471 4060 562 4115 cispite
575 4039 617 4096 ad
628 4044 805 4097 renascatur.

198 4116 259 4181 lle
270 4131 360 4181 mutat
373 4141 466 4181 vocem
481 4120 568 4196 quasi
581 4119 696 4195 &pendo
710 4140 719 4176 :

201 4202 261 4260 Per
274 4202 446 4273 Dominum,
461 4211 487 4260 ct
498 4210 595 4259 cetera.
639 4202 747 4257 Amen.

205 4353 221 4384 ἢ
242 4353 410 4412 Ms-“ll
411 4354 436 4413 ic
449 4354 547 4411 aiittat
561 4372 672 4493 cercucp
685 4352 719 4490 ig
734 4351 1002 4490 (Ἤιὲτιπιίοηίίε,
1017 4372 1128 4413 crucem
1137 4353 1280 4429 facicm.”

715 4452 752 4490 m.
807 4466 834 4489 ..
