3022 4966
514 357 699 427 Domirrioo
712 357 751 424 ii.
766 354 954 422 Adventus.

564 605 728 664 Dounuea
747 602 901 662 Securos.

192 762 340 824 Processio
352 770 388 821 ut
400 779 494 838 supro
506 759 541 818 ia
554 757 714 819 Domirrioo
721 756 909 834 proculcato.

192 857 235 918 Ia
248 859 370 919 atotiom
382 864 451 917 cotta
464 855 597 918 Graecam.
641 853 751 914 Oratio.

146 982 151 989 ·
193 956 310 1027 Excita,
325 954 463 1029 Domine,
478 953 567 1013 eorda
579 957 681 1011 nostra
693 950 731 1008 od
744 947 951 1028 praeparandas
967 945 1129 1024 Unigeniti
1151 944 1200 1004 tui
1212 944 1285 1015 vias,
1300 950 1337 1003 nt

127 1070 186 1133 pot
206 1053 272 1130 ejus
294 1051 456 1111 adventum
482 1049 645 1128 purificatis
665 1047 724 1106 tibi
745 1044 896 1104 mentibus
917 1042 1028 1101 servire
1049 1062 1223 1102 mereamur.
1274 1040 1337 1111 Qui

200 1168 241 1207 m.

128 1157 243 1307 teonald
255 1246 411 1306 introitum
425 1243 514 1306 Obori
525 1243 665 1303 motoria
678 1242 713 1301 cle
725 1240 810 1300 Festo
823 1240 887 1313 loci,
901 1247 936 1297 ut
949 1259 1049 1317 stupro.

584 1511 743 1573 Dounuca
761 1512 886 1571 Tauris.

193 1672 243 1731 Ad
256 1671 470 1731 Proooaeioaem
481 1678 517 1728 ut
530 1689 623 1747 utapro
635 1671 670 1728 ia
682 1669 841 1729 Dominioo
848 1669 961 1746 prima

192 1766 235 1827 Ia
247 1768 372 1827 statione
385 1776 453 1827 onte
466 1766 594 1829 Coracem.
641 1766 750 1826 Oratio.

192 1868 309 1927 Aurem
329 1871 424 1938 tuam,
445 1884 622 1943 quaesumus,
645 1863 782 1935 Domine,
803 1865 939 1940 precibus
960 1864 1072 1923 nostris
1093 1864 1288 1935 accommoda,
1303 1869 1335 1922 et

128 1964 242 2025 mentis
254 1970 363 2022 nostrie
376 1962 513 2021 tenebras
525 1960 622 2038 gratia
635 1967 694 2018 tuae
708 1961 886 2019 visitationis
899 1961 1024 2019 illustra.
1069 1961 1128 2018 Per
1142 1960 1302 2019 Christum.

192 2059 243 2119 Ad
255 2060 412 2119 introitum
426 2056 526 2129 Obori,
540 2064 575 2115 at
588 2075 688 2132 acepta.

574 2324 735 2384 Donnuen
756 2324 893 2394 Qunam.

191 2478 263 2537 Fiat
276 2478 423 2538 Proceaaio
436 2487 471 2537 at
484 2498 584 2555 acipra.

190 2575 233 2635 Ia
245 2578 339 2636 cardo
353 2585 419 2635 arete
435 2576 565 2636 Graecia.
609 2578 843 2653 Iicaponeoriam.

191 2672 339 2733 Nascetur
351 2674 438 2732 nobis
451 2673 593 2751 parvulus
607 2680 638 2732 et
651 2675 805 2732 vocabitur
818 2674 901 2733 Deus
917 2674 1022 2747 fortis3
1040 2674 1104 2752 ipse
1117 2674 1231 2733 sedebit
1245 2694 1334 2752 super

127 2770 271 2832 thronum
284 2771 385 2830 David
398 2771 492 2848 patris
506 2770 554 2829 sui
567 2777 597 2829 et
611 2771 777 2849 imperabit.
821 2771 914 2849 Cujus
927 2776 1058 2849 potestas
1072 2791 1162 2850 super
1174 2772 1333 2831 humerum

127 2868 204 2946 ejus

133 2964 164 3025 V.
190 2962 230 3021 In
243 2964 307 3041 ipso
321 2965 534 3023 benedicentur
547 2984 648 3023 omncs
661 2965 759 3023 tribue
773 2971 868 3039 terrie,
884 2985 986 3025 omnes
998 2973 1102 3045 gentes
1115 2968 1249 3027 servient
1262 2968 1297 3027 e'a

190 3060 284 3138 cujus
297 3067 434 3139 potestas

190 3158 293 3217 Gloria
306 3158 393 3216 Patri
405 3166 437 3217 ct
450 3160 527 3218 Filio
541 3165 572 3219 et
586 3159 713 3237 Spiritui
727 3161 842 3220 Sancto.

189 3254 330 3317 Sacerdos
349 3257 429 3315 dicat
448 3256 648 3317 Veraicoium:

189 3352 305 3413 Emitte
317 3352 447 3432 Agnum,
464 3354 601 3426 Domine,
617 3353 833 3412 dominatorem
847 3360 942 3412 terra.

191 3448 303 3509 Oratio.

189 3546 308 3619 Ducite,
323 3566 500 3623 quesumus,
516 3547 654 3618 Domine,
669 3546 833 3624 potentiam
848 3552 931 3603 tuam
945 3551 976 3603 et
989 3547 1068 3618 veni,
1083 3552 1114 3604 et
1127 3564 1234 3623 magna
1246 3548 1333 3605 nobis

123 3644 242 3703 virtute
254 3663 400 3718 succurre,
411 3651 447 3702 ut
457 3643 604 3702 auxilium
617 3644 721 3720 gratiae
734 3647 794 3700 tuoe
807 3642 886 3718 quod
900 3647 1002 3699 nostra
1014 3641 1200 3719 prsepcdiunt
1213 3650 1333 3720 peccata

60 3742 65 3759 “
123 3739 346 3818 indulgentiam
359 3746 420 3799 tuoe
434 3739 654 3818 propitiationis
666 3738 814 3798 acceleret
858 3738 919 3808 Qui
932 3736 1016 3795 vivia

186 4100 225 4163 Si
255 4101 366 4179 Viqilia
394 4102 572 4162 Notioitotia
600 4103 725 4162 Domini
751 4102 784 4160 ia
811 4099 970 4161 Domi-aito
996 4100 1156 4176 corstipcrit,
1182 4100 1330 4160 Precatio

122 4198 390 4276 Dominiooliafiot
402 4209 438 4259 at
450 4199 485 4259 in
500 4200 658 4261 Donriu-ico
672 4208 779 4276 potorio
792 4220 893 4276 capno.
