3022 4966
555 390 976 477 Dmmoefflmmwa
1325 399 1368 468 W

223 575 420 648 Erubescant,
444 580 476 634 et
495 576 711 635 conturbentur
727 575 923 635 vehementur
944 596 1047 637 omnes
1069 578 1184 638 inimici
1205 579 1284 641 mei:
1304 601 1371 641 con-

160 675 327 745 vertantur,
341 678 374 730 et
386 672 562 731 erubescant
574 671 661 730 valde
673 670 821 730 velociter.

221 768 372 846 Requiem
385 776 537 828 aeternam

107 872 110 876 ’
221 911 403 991 rasum.

162 1007 1369 1193 Q

215 1199 507 1277 Oen-rer-te-re,
543 1203 727 1276 Domi-ne,
754 1211 787 1263 et
829 1204 977 1283 e-ri-pe
1010 1207 1197 1268 a-ni-mam
1221 1230 1347 1287 meam,

188 1556 383 1630 quo-ni-am
403 1576 466 1616 non
485 1562 532 1616 est
557 1556 591 1614 in
634 1563 758 1616 mor-te
788 1557 841 1633 qui
868 1576 1011 1617 nne-mor
1041 1559 1082 1618 ait
1115 1560 1200 1619 tu·i

218 1714 399 1793 Mirm

156 1811 508 1981 Ξ

229 2006 452 2084 Νοὲφιω-ἁο.

217 2134 460 2213 Panamara)
904 2133 1301 2195 E-v-o-v-A-n.

218 2230 356 2305 Domine,
381 2229 465 2289 Deus
488 2248 581 2301 meus,
606 2229 639 2287 in
662 2235 694 2288 te
717 2227 852 2305 speravi:
881 2229 998 2287 salvum
1021 2249 1070 2289 me
1094 2231 1140 2289 iao
1164 2250 1203 2290 ex
1227 2232 1364 2292 omnibus

156 2309 402 2407 persequentibus
415 2345 472 2399 me,
487 2331 518 2384 et
530 2325 625 2383 libera
637 2344 693 2383 me

217 2423 386 2502 Nequando
398 2422 505 2500 rapiat,
520 2428 556 2480 ut
575 2421 630 2494 leo,
646 2420 777 2479 animam
790 2438 905 2480 meam:
925 2419 999 2480 dum
1013 2439 1073 2480 non
1094 2423 1207 2499 estqui
1226 2425 1362 2500 redimat,

156 2537 253 2598 neqrm
265 2518 320 2598 qni
331 2520 448 2577 salvum
461 2517 559 2576 faciat

217 2613 356 2688 Domine,
370 2614 454 2673 Deus
466 2633 558 2682 meus,
573 2612 599 2670 si
611 2612 667 2670 feci
681 2611 770 2685 istud,
786 2612 812 2670 si
825 2617 871 2671 est
884 2614 1030 2692 iniquitas
1042 2615 1075 2674 in
1089 2616 1227 2682 manibus
1240 2617 1321 2677 meis.

217 2712 251 2772 si
263 2713 379 2773 reddidi
392 2711 627 2771 retribuentibus
635 2710 715 2768 'mihi
728 2710 814 2784 mala,
830 2711 964 2772 decidam
977 2713 1084 2773 merito
1096 2714 1135 2773 ab
1147 2713 1276 2774 inimicis
1288 2715 1362 2777 meis

155 2824 262 2866 mansa

214 2901 416 2980 Persequatur
434 2900 572 2959 inimicus
590 2900 723 2959 animam
743 2919 848 2974 meam,
862 2907 893 2959 et
906 2902 1147 2980 comprehendat,
1160 2909 1192 2963 et
1210 2905 1362 2967 conculcet

154 2999 189 3059 in
201 3004 283 3059 tem
294 2999 389 3057 vitam
402 3016 508 3070 meam,
522 3004 553 3057 et
565 2997 690 3075 gloriam
703 3015 800 3055 meam
812 2997 845 3055 in
858 2998 1010 3075 pulverem
1024 3001 1157 3061 deducat.

216 3095 363 3175 Exsurge,
385 3095 522 3168 Domine,
546 3095 580 3153 in
603 3095 649 3155 ira
670 3100 724 3154 tua
737 3116 744 3155 :
774 3101 805 3154 et
828 3095 961 3155 exaltare
985 3097 1018 3155 in
1040 3099 1150 3156 finibus
1173 3097 1362 3159 inimicorum

154 3212 299 3255 meorum.

216 3289 260 3349 Et
279 3308 415 3367 exsurge,
438 3288 567 3347 Domine
587 3288 670 3347 Deus
687 3309 779 3364 meus,
800 3290 834 3349 in
854 3297 1012 3370 precepto,
1032 3293 1112 3368 quod
1133 3294 1303 3356 mandasti:
1332 3301 1364 3354 et

152 3406 305 3468 synagoga
317 3387 494 3466 populorum
507 3385 704 3445 circumdabit
718 3393 758 3445 te.

216 3480 260 3544 Et
272 3489 394 3563 propter
405 3483 482 3542 hanc
496 3483 529 3540 in
540 3482 638 3541 altum
652 3481 808 3557 regredere
821 3502 828 3540 :
849 3482 998 3542 Dominus
1007 3481 1272 3563 judicat-populos.

214 3580 326 3644 Jndica
345 3599 402 3652 me,
417 3579 556 3652 Domine,
570 3576 734 3637 secundum
749 3576 904 3653 justitiam
923 3597 1030 3652 meam,
1045 3584 1076 3638 et
1096 3580 1260 3639 secundum
1280 3582 1364 3642 inno

153 3678 286 3741 omnam
299 3697 396 3737 meam
410 3696 500 3755 super
513 3695 571 3734 me.

213 3776 416 3836 Oonsnmetur
428 3774 564 3852 nequitia
583 3775 781 3850 peccatorum,
796 3774 828 3829 et
841 3768 951 3850 diriges
967 3772 1101 3846 justum:
1124 3779 1261 3836 scrutans
1274 3774 1363 3837 corde

154 3880 189 3936 et
199 3891 295 3946 mnes,
311 3872 403 3932 Deus.

213 3971 237 4034 J
237 3976 339 4030 ustum
352 3968 537 4047 adjutorium
550 3985 650 4025 meum
662 3985 682 4024 a
695 3965 836 4038 Domino,
851 3963 905 4043 qni
919 3963 1016 4024 salvos
1029 3963 1102 4025 iacit
1116 3972 1211 4027 rectos
1224 3969 1321 4030 corde.

214 4066 299 4128 Deus
307 4065 404 4145 judex
413 4065 522 4142 justus,
537 4062 633 4137 fortis,
646 4070 677 4122 et
690 4063 827 4142 patiens:
849 4061 996 4141 numquid
1009 4061 1150 4123 irascitur
1162 4083 1217 4144 per
1229 4065 1362 4143 singulos

213 4256 285 4318 Nisi
298 4256 432 4316 conversi
445 4253 572 4330 fueritis,
585 4253 719 4333 gladium
731 4273 819 4313 suum
832 4253 980 4313 vibrabit:
1003 4273 1105 4314 arcum
1119 4274 1206 4313 suum
1220 4251 1355 4326 tetendit,

145 4365 183 4421 aa
194 4354 318 4438 paravit
329 4352 424 4415 illum

212 4453 258 4512 Et
268 4453 303 4513 in
315 4472 351 4513 so
363 4449 483 4532 paravit
494 4468 566 4510 rasa
578 4449 684 4510 mortis
694 4467 705 4524 5
723 4447 848 4528 sagittas
860 4466 930 4508 suas
941 4447 1118 4508 ardentibus
1128 4445 1233 4506 effecit
1313 4468 1318 4473 ·
