3022 4966
442 291 530 360 Ordo
552 291 599 357 ad
623 289 845 358 Vattaeetua
866 289 1064 376 Infimaaa.
1315 293 1358 363 47

210 471 345 534 Oremus.
391 473 502 533 Oratio.

208 568 301 643 Deus,
316 569 370 648 qui
383 570 505 628 factnrae
519 575 579 627 tuse
599 570 649 647 pio
669 589 785 647 semper
800 569 961 629 dominmis
981 570 1110 642 affectu;
1130 570 1242 629 inclina
1255 589 1358 630 aurem

149 674 233 726 tuam
256 667 522 744 supplicationibus
545 666 656 725 nostris
673 672 705 724 et
722 665 868 724 famulum
890 672 977 724 tuam
997 685 1036 724 ex
1056 666 1180 724 adversa
1192 666 1358 727 valitudine

148 764 277 842 corporis
290 763 474 822 laborantem
487 762 622 839 placatus
642 762 763 838 respice,
776 768 808 820 et
828 749 921 820 visita
933 763 966 819 iu
980 763 1105 820 salutari
1119 769 1172 820 tuo
1186 783 1220 821 ac
1234 764 1359 823 calcatis

148 859 252 936 mdes
266 865 373 937 praeta
386 858 572 918 medicinam.
616 858 675 916 Per
689 857 844 915 Christum
858 858 1022 916 Dominum
1036 866 1179 917 nostrum.

212 965 347 1025 Oremus.
392 964 504 1024 Oratio.

210 1059 371 1119 Virtutum
389 1061 550 1119 caelestium
574 1061 666 1132 Deus,
680 1060 733 1137 qui
754 1059 794 1117 ab
816 1059 956 1117 humanis
975 1059 1146 1136 corporibus
1166 1079 1284 1119 omnem
1298 1061 1359 1120 lun-

149 1177 273 1239 gaorsm
286 1165 317 1216 et
329 1159 536 1217 infirmitatem
548 1159 688 1236 proecepti
707 1158 754 1215 tui
774 1162 920 1235 potestate
934 1157 1077 1235 depellis;
1097 1158 1199 1216 adesto
1213 1159 1360 1236 propitius

149 1255 221 1314 huic
243 1255 356 1314 famulo
375 1261 439 1329 tuo,
461 1261 505 1328 ut,
525 1256 635 1332 fugatis
656 1254 882 1313 infirmitatibus
903 1261 935 1313 et
955 1255 1069 1313 viribus
1090 1257 1225 1332 receptis,
1250 1275 1359 1314 nomen

149 1358 287 1412 sanctum
307 1359 395 1411 tuum
414 1352 581 1410 instaurata
600 1352 738 1430 protinus
764 1351 893 1410 sanitate
915 1352 1078 1411 benedicat.
1122 1352 1181 1410 Per
1205 1351 1359 1411 Christum

150 1448 317 1510 Dominum
330 1457 475 1510 nostrum.

211 1556 346 1615 Oramus

211 1653 350 1727 Domine,
375 1660 477 1712 sancte
501 1652 602 1727 Pater,
630 1650 816 1729 omnipotens
839 1657 948 1709 aeterne
975 1651 1067 1722 Deus,
1090 1652 1143 1728 qui
1166 1651 1361 1728 fragilitatem

149 1751 287 1811 humanae
307 1751 487 1811 conditionis
500 1756 618 1821 nasute,
632 1750 730 1807 infusa
744 1749 866 1807 virtutis
878 1755 939 1806 tuae
952 1748 1133 1826 dignatione,
1148 1749 1313 1822 confirmas,
1324 1755 1360 1808 ut

150 1848 331 1908 salutaribus
343 1850 483 1908 remediis
502 1848 623 1927 pietatis
643 1853 703 1905 tuse
723 1865 846 1923 corpora
858 1850 1005 1903 nostrast
1018 1847 1151 1904 membra
1163 1853 1341 1925 vegetentur
1350 1866 1361 1921 5

150 1965 239 2023 super
257 1945 337 2004 hunc
357 1944 504 2003 famulum
524 1950 612 2002 taum
632 1943 673 2001 N.
696 1943 874 2020 propitiatus
894 1943 1026 2016 intende,
1040 1950 1076 2001 ut
1089 1945 1171 2002 omni
1184 1944 1361 2002 necessitate

151 2061 296 2120 corporea
316 2039 503 2099 infirmitatis
531 2039 653 2097 exclusa
675 2040 773 2115 gratia
795 2039 829 2097 in
852 2058 887 2097 eo
910 2038 1044 2116 pristinae
1068 2040 1205 2097 sanitatis
1231 2038 1361 2116 perfecte

152 2144 312 2216 reparetur.
355 2137 414 2196 Per
427 2136 582 2217 Christum
596 2135 760 2194 Dominum
773 2142 916 2194 nostrum

214 2241 275 2299 Hic
288 2243 457 2316 carfiaaaa
469 2241 623 2317 basternas·
632 2249 733 2318 postea
743 2239 910 2300 absolvatur
923 2241 965 2300 sic
978 2261 998 2299 a
1010 2240 1145 2316 cismatis,
1159 2248 1186 2298 et
1198 2239 1358 2300 secandam

156 2339 298 2414 qswadam
309 2338 452 2397 aeaaktar
463 2359 483 2397 a
496 2341 613 2398 sumtis.

215 2442 393 2502 Notandum
405 2444 535 2519 estquod
547 2442 612 2503 licet
621 2443 762 2502 Sacerdos
765 2444 859 2520 possit
869 2443 905 2501 de
909 2441 995 2518 sacto
1004 2442 1145 2501 absolvas
1159 2442 1313 2517 infirmam
1325 2442 1361 2502 in

154 2539 278 2601 ariade
291 2541 393 2600 mortes
412 2541 448 2600 ab
467 2542 602 2601 omnibus
609 2543 737 2619 peccatis
756 2542 828 2614 esea,
844 2551 942 2600 tamea
961 2542 988 2600 se‘
1007 2541 1118 2616 aliquis
1130 2561 1215 2600 casas
1228 2551 1362 2601 ocaarat

152 2637 188 2696 s'a
201 2635 379 2712 wasessione
391 2658 412 2696 a
424 2658 481 2714 qao
494 2638 556 2715 ipse
568 2638 710 2697 Sacerdos
722 2658 789 2697 eam
808 2638 888 2696 alias
901 2639 936 2696 de
945 2637 1018 2714 jare
1032 2637 1172 2696 absolvere
1185 2658 1247 2696 aaa
1255 2647 1361 2715 posset,

151 2732 367 2810 idumaeum
379 2743 420 2794 est
439 2733 567 2811 insumo,
582 2735 669 2810 quod,
684 2754 752 2793 cam
765 2733 949 2807 convaluerit,
960 2743 1115 2811 praesentet
1128 2754 1156 2793 se
1169 2734 1217 2792 ate
1230 2734 1362 2811 confiteri

151 2831 205 2907 qai
217 2830 408 2908 emadejaae
421 2832 465 2890 ael
477 2832 683 2891 wmsetudiae
697 2832 731 2889 ia
743 2831 798 2890 bac
812 2840 900 2908 parte
913 2831 1054 2891 absolvere
1073 2831 1179 2905 debeat,
1194 2841 1362 2910 recepturus

150 2927 213 3006 dats
224 2930 370 2989 mandata
382 2939 408 2989 et
427 2929 635 3005 satisfactam
646 2952 656 2988 :
670 2947 741 2987 ream
758 2927 836 2987 alias
850 2929 988 2988 raecedit
1007 2928 1042 2988 ia
1055 2927 1175 2988 madeas
1187 2928 1361 2990 smteatiam

152 3044 244 3102 quasa
251 3028 344 3104 prius
355 3026 508 3086 aestiaae't.

213 3132 328 3192 Deinde
340 3133 448 3192 audita
458 3129 631 3207 consessione
639 3130 754 3207 infirmi
766 3139 793 3189 et
797 3128 893 3206 sactis
906 3130 1180 3207 interroqata'oaidas
1190 3129 1363 3207 medanti·

151 3225 214 3302 bats,
228 3227 367 3306 itn'waqat
379 3228 521 3289 Sacerdos
533 3228 653 3304 infirmo
665 3226 785 3304 quodsi
803 3226 878 3302 qaid
890 3226 998 3304 injuste
1019 3227 1110 3285 alieni
1126 3226 1260 3286 habuerit
1280 3224 1364 3287 celsi

151 3344 238 3401 qaam
250 3324 359 3404 injuste
379 3326 483 3386 deserit
502 3344 553 3386 seu
572 3320 831 3401 damnificarent*
843 3323 948 3381 reddat
968 3331 994 3380 et
1014 3320 1189 3397 satisfaciat,
1204 3322 1232 3380 si
1248 3321 1363 3382 valeat:

151 3421 202 3482 εἰη
214 3432 322 3495 aetem
335 3424 452 3484 waiam
464 3422 616 3482 humiliter
624 3419 759 3499 postulet.

213 3525 353 3587 Atlanteo
365 3548 426 3588 swa
439 3527 579 3605 ira’aayat
592 3527 619 3586 ei
631 3527 666 3584 ia
674 3523 814 3584 Sacerdos
823 3519 1177 3597 alspaampaeaiteatiam
1188 3521 1238 3579 sed
1246 3520 1363 3583 acuta

152 3620 450 3700 dmt‘qmdoamodc:
925 3617 927 3622 ’

214 3727 328 3803 Frater,
348 3734 384 3786 tu
406 3735 454 3788 tot
474 3735 506 3787 et
527 3727 601 3787 talia
621 3730 741 3804 peccata
764 3720 947 3794 commisisti,
969 3741 1025 3800 pro
1049 3719 1158 3797 quibus
1180 3720 1207 3778 si
1230 3727 1266 3779 tu
1286 3740 1363 3783 ceses

151 3841 242 3884 unns
254 3824 347 3883 talem
368 3824 574 3902 penitentiam
597 3841 683 3901 agere
704 3819 827 3879 deberes
846 3837 939 3894 usque
956 3817 995 3875 ad
1011 3817 1072 3875 tale
1085 3821 1222 3893 tempus:
1243 3815 1363 3880 Ianou-

151 3923 256 3983 rcendo
269 3923 297 3982 ei
308 3923 393 3982 idam
401 3923 607 4001 poeaitentiam
620 3922 655 3981 in
667 3918 794 3997 speciali.
830 3917 888 3975 Sed
901 3917 972 3994 quis
984 3916 1121 3975 infirmus
1131 3922 1202 3975 eset
1212 3917 1289 3976 sorte
1298 3917 1363 3977 rita

152 4025 208 4080 tus
234 4020 348 4080 adhoc
371 4021 570 4100 peragendum
594 4018 754 4078 extendere
774 4035 836 4076 non
859 4015 967 4087 valeat,
991 4016 1057 4075 ideo
1077 4034 1138 4074 non
1162 4015 1286 4094 injungo
1306 4013 1364 4074 tibi

152 4116 285 4196 aliquem
303 4119 517 4196 penitentiam
559 4116 640 4176 Volo
659 4121 761 4174 tamm
780 4113 808 4171 si
826 4132 879 4190 per
898 4112 976 4171 hanc
994 4113 1201 4172 infirmitatem
1217 4113 1295 4172 forte
1307 4112 1364 4172 dis·

150 4215 282 4292 ceucris,
295 4215 387 4276 iacias
405 4216 497 4276 talem
517 4215 738 4290 eleemosynam,
753 4211 801 4270 rel
814 4210 920 4269 saltem
939 4209 978 4268 sd
997 4211 1097 4270 minus
1110 4210 1248 4290 injungas
1261 4208 1364 4270 amicis

615 4375 628 4400 '
644 4373 734 4422 Fid-⁸¹
742 4370 907 4422 damnauit-'⁸
