3022 4966
212 357 254 422 sl
535 352 846 420 Commetdetiome
867 351 1094 418 Medicorum.

271 598 1361 673 dmm(

251 714 304 771 bes
336 747 347 758 -
381 746 392 756 -
421 731 473 770 oo:
498 711 570 769 dum
596 711 790 770 ve·ne-ris
822 711 1077 787 ju·di·ce·re‚
1111 711 1211 771 no·li
1270 732 1319 770 me

231 1067 400 1126 oon-dem
425 1087 519 1124 ··ns
560 1101 571 1112 -
615 1102 626 1112 -
670 1087 709 1126 re.
830 1068 883 1126 Mo
908 1102 919 1112 ·
943 1069 989 1127 do.

272 1215 370 1292 Kyrie
383 1215 509 1292 eleyson.
553 1215 671 1274 Christe
685 1215 811 1292 eleyson.
855 1215 952 1291 Kyrie
965 1216 1091 1291 eleyson

272 1313 364 1371 Peter
376 1318 484 1371 noster.
527 1313 661 1371 Oremus.

272 1409 363 1481 Deus,
377 1408 426 1467 eui
439 1407 539 1466 omnis
552 1409 670 1481 vivrmt,
684 1415 716 1466 et
729 1408 777 1466 cui
791 1427 851 1465 non
864 1413 991 1484 pereunt
1011 1406 1163 1467 moriendo
1176 1428 1299 1487 corpore
1312 1417 1415 1469 nostro

212 1507 263 1566 sed
286 1512 443 1564 mutentur
464 1507 497 1562 in
520 1505 634 1579 melius,
655 1511 686 1564 te
705 1505 852 1582 supplices
873 1504 1074 1581 deprecemur,
1095 1511 1131 1563 ut
1150 1505 1292 1583 quicquid
1315 1507 1415 1565 enims

211 1602 316 1662 famuli
336 1603 385 1661 tui
406 1602 550 1660 vitiorum
573 1608 692 1679 tuoeque
714 1601 865 1660 voluntati
887 1603 1078 1674 contrarium,
1099 1602 1221 1661 fallente
1244 1603 1361 1661 diabolo
1385 1610 1416 1662 et

211 1699 331 1777 proprie
353 1699 514 1776 iniquitate
537 1705 628 1775 atque
651 1699 822 1775 fragilitate,
842 1701 1033 1771 contraxerit,
1052 1708 1087 1758 tu
1108 1700 1174 1776 pius
1196 1706 1227 1757 et
1251 1700 1416 1759 misericors

211 1796 315 1855 ablues
327 1796 516 1872 indulgendo,
533 1815 656 1872 eamque
676 1797 784 1873 suscipi
800 1799 906 1874 jubeas
920 1817 973 1874 per
985 1816 1091 1855 munus
1104 1802 1274 1856 sanctornm
1287 1797 1416 1875 Angelo

212 1912 280 1951 rum
301 1898 422 1951 tuorum
443 1892 644 1951 deducendam
663 1892 696 1950 in
717 1894 831 1952 sinibus
851 1894 1091 1952 Patrisrchsrum
1117 1898 1238 1951 tuorum
1259 1893 1415 1951 Abraham

212 1989 324 2049 scilieet
344 1988 433 2047 amici
446 1989 494 2047 tui
506 1995 537 2047 et
550 1989 633 2047 Isaeo
654 1990 741 2049 electi
761 1992 808 2049 tui
828 1998 919 2068 atque
932 1992 1028 2050 Jacob
1042 1991 1143 2049 dilecti
1156 1990 1211 2062 tui,
1226 2010 1285 2066 quo
1299 1992 1416 2070 aufugit

211 2087 295 2145 dolor
308 2091 338 2145 et
352 2085 477 2144 tristitie
489 2092 579 2162 atque
592 2087 763 2164 suspirium,
778 2088 911 2147 fidelium
924 2108 1042 2166 quoque
1056 2089 1162 2146 enimse
1175 2087 1265 2165 plenu
1277 2087 1413 2164 felicique

208 2184 393 2261 jocunditate
407 2183 557 2256 letantur,
571 2185 652 2243 utin
665 2186 827 2244 novissimo
848 2187 949 2263 magni
964 2185 1071 2261 judieii
1092 2186 1140 2244 die
1159 2185 1240 2242 inter
1253 2191 1369 2243 sanctos
1383 2190 1414 2244 et

212 2281 319 2341 electos
332 2287 400 2339 tuos
413 2300 477 2339 eam
488 2281 577 2339 facins
589 2287 738 2358 perpetuus
752 2282 852 2360 glories
865 2282 1014 2359 percipere
1028 2282 1202 2357 portionem,
1214 2301 1304 2357 quam
1314 2281 1416 2340 oculus

211 2398 273 2436 non
286 2378 364 2435 vidit
377 2397 430 2435 neo
444 2377 524 2435 euris
537 2378 654 2435 audivit
667 2398 721 2438 nec
734 2379 767 2436 in
780 2398 830 2437 cor
842 2379 972 2436 hominis
985 2379 1126 2450 ascendit,
1141 2397 1231 2454 quem
1244 2378 1417 2454 preparasti

213 2474 404 2552 diligentibus
417 2480 456 2533 te.
485 2474 650 2533 Praestanto
664 2475 795 2533 Domino
808 2482 910 2533 nostro
923 2476 945 2534 J
947 2495 998 2533 esu
1012 2475 1140 2549 Christo,
1155 2476 1207 2551 qui
1221 2480 1327 2533 tecum.

273 2571 389 2648 Corpus
401 2572 565 2629 imeresetur
577 2571 649 2629 dum
663 2581 802 2631 cantetur
816 2572 1063 2649 Respomoeium:

273 2667 345 2724 Heu
358 2666 442 2737 mihi,
458 2665 594 2736 Domine,
610 2675 759 2742 utsupra,
775 2687 801 2744 p.
820 2668 866 2727 74.

274 2763 372 2836 Kyrio
386 2762 511 2836 eleyson.
556 2762 672 2820 Christe
686 2765 811 2839 eleyson.
856 2767 953 2842 Kyrie
966 2766 1093 2842 eleyson.

274 2859 364 2914 Pater
378 2863 486 2914 noster.
530 2858 663 2917 Oremus

274 2953 341 3023 Fae,
362 2972 539 3029 quaesumus,
554 2953 690 3027 Domine,
713 2957 789 3014 hene
810 2976 877 3014 cum
899 2978 984 3015 servo
1007 2965 1060 3016 tuo
1081 2959 1122 3015 N.
1144 2958 1282 3016 defuncto
1303 2958 1412 3016 miseri-

214 3048 352 3119 cordiam,
369 3055 404 3105 ut
418 3048 562 3105 factorum
583 3069 702 3107 suorum
723 3053 756 3109 in
776 3055 868 3129 peonis
889 3074 949 3112 non
969 3055 1091 3130 recipiat
1104 3056 1207 3128 vicem,
1223 3056 1275 3132 qui
1289 3055 1414 3112 tuamin

178 3166 187 3185 ·
211 3145 291 3203 votis
314 3144 413 3201 tenuit
430 3144 632 3205 voluntatem:
657 3155 692 3206 ut
713 3150 789 3207 sicut
812 3151 861 3209 hic
879 3172 947 3209 eum
967 3173 1037 3210 veru
1057 3152 1129 3212 fides
1151 3154 1256 3229 junxit
1281 3152 1412 3210 fidehum

212 3242 327 3313 turmis,
342 3244 386 3299 ita
400 3262 467 3300 eum
480 3243 541 3301 illic
555 3251 608 3302 tua
621 3246 770 3305 miseratio
784 3250 875 3307 societ
889 3250 1028 3327 angelicis
1043 3250 1145 3309 choris.
1190 3252 1249 3309 Per
1262 3250 1413 3308 Christum

213 3340 377 3398 Dominum
392 3347 535 3399 nostrum.

273 3438 370 3515 Kyrie
384 3438 509 3515 eleyson.
553 3437 670 3497 Christe
684 3440 809 3516 eleyson.
854 3443 951 3521 Kyrie
964 3444 1090 3519 eleyson.

274 3535 334 3594 Ilio
347 3545 425 3612 repet
439 3536 656 3596 circuenstaetes
669 3557 753 3596 erare
762 3559 820 3614 pro
834 3560 884 3600 eo:

273 3631 363 3691 Peter
376 3639 483 3705 noster,
498 3634 560 3692 sine
574 3643 650 3693 notu.
695 3635 736 3692 Et
749 3655 787 3693 ne
800 3656 860 3695 nos.

273 3729 420 3806 Requiem
434 3738 581 3788 aeternom.

274 3824 368 3883 Credo
383 3825 491 3884 videre.

275 3919 305 3975 A
319 3927 406 3996 porte
419 3920 514 3980 inferi.

274 4015 423 4071 Dominus
436 4015 595 4075 vobiscum.

273 4110 333 4167 Pro
347 4109 506 4168 Sacerdote.
549 4113 746 4191 Omnipotens
759 4119 935 4194 sempiterne
949 4119 1040 4193 Dens,
1054 4118 1103 4178 cui
1117 4137 1278 4194 nunquam.

273 4206 334 4265 Pro
338 4206 461 4281 famulo
476 4205 584 4266 Oratio.
627 4211 754 4283 Incline,
769 4214 905 4273 Domine.

273 4303 334 4360 Pro
339 4301 464 4377 semele
479 4302 587 4362 Oratio.
631 4305 814 4381 Quaesumus,
831 4310 968 4384 Domine,
983 4332 1037 4389 pro
1051 4320 1104 4371 tue
1117 4310 1235 4388 pietate.

272 4395 332 4453 Hie
345 4404 518 4472 oeperqetur
531 4416 635 4474 eorpus
648 4408 675 4458 et
688 4399 854 4460 incensetur
867 4412 909 4462 ter
921 4413 948 4464 et
961 4408 1099 4480 efferetur
1111 4408 1154 4468 od
1165 4407 1358 4485 sepolchrum.
