3022 4966
185 330 376 399 Absolutis
389 328 694 418 seper-Infinitum
706 330 879 399 nortem
892 332 1034 399 Bellene
1044 332 1283 419 lodelyecdioe.
1305 336 1367 401 129

216 512 341 587 In‘bem,
363 513 502 587 Domine,
516 512 648 573 animam
667 514 746 573 servi
759 515 815 589 tui,
828 515 906 574 sieut
918 514 1052 575 liberasti
1071 515 1172 575 David
1184 535 1277 575 mauu
1295 513 1369 576 Saul

152 608 236 689 regis
248 616 283 669 et
295 610 333 669 ds
346 630 440 669 mauu
453 610 556 669 solie

215 705 340 779 libera,
355 706 494 779 Domine,
508 706 639 765 animam
652 706 732 765 servi
744 706 800 779 tui,
814 706 892 765 sieut
907 705 1041 767 liberasti
1054 707 1179 767 Petrum
1192 714 1225 767 et
1238 707 1365 767 Paulum

150 802 190 863 de
202 801 385 863 carceribus.

215 898 271 959 Sic
283 898 411 959 liberare
420 898 552 979 digneris
563 897 695 959 animam
708 897 787 957 servi
798 898 844 957 tui
853 916 864 973 ς
883 905 915 958 et
928 904 1026 959 tecum
1036 901 1173 960 habitare
1185 901 1219 959 in
1228 900 1367 961 domibus

148 996 325 1057 celestibus
334 994 499 1077 concedas]

118 1286 121 1291 ,
202 1220 403 1305 [Ausonumo
423 1238 521 1282 sorau
540 1221 702 1280 Isrrsuuu
722 1234 889 1277 nisurum
910 1220 1041 1277 Bumsu
1062 1217 1311 1279 Innummrsn*

218 1400 371 1461 Dominus
390 1400 480 1460 Jesus
501 1400 639 1460 Christus
651 1419 705 1478 pre
719 1419 773 1457 sua
793 1418 900 1475 magna
920 1399 1031 1476 pietate
1048 1405 1079 1457 te
1093 1400 1228 1457 absolvat
1236 1420 1245 1473 3
1266 1405 1297 1458 et
1310 1419 1364 1478 ego

153 1498 299 1559 minister
312 1496 428 1557 Christi
440 1497 511 1557 licet
524 1497 675 1575 indignus,
688 1516 742 1574 per
754 1495 928 1554 electionem
949 1515 1033 1553 suam
1053 1495 1202 1555 confessor
1214 1503 1285 1554 tuus
1298 1516 1365 1555 con·

154 1596 288 1663 stitutus
307 1600 340 1652 et
359 1613 412 1671 per
432 1600 463 1653 te
483 1601 629 1672 acceptus,
644 1594 821 1653 auctoritate
843 1593 968 1651 Domini
989 1593 1085 1651 nostri
1106 1592 1182 1653 Jesu
1204 1592 1317 1652 Christi
1333 1600 1364 1652 et

155 1688 378 1769 gloriosissimas
395 1690 520 1769 virginis
541 1691 648 1749 Marise
669 1697 701 1750 et
719 1691 876 1749 beatorum
894 1690 1095 1767 apostolorum
1116 1690 1201 1750 Petri
1222 1698 1253 1749 et
1275 1691 1363 1749 Pauli

157 1788 354 1865 omniumque
376 1787 554 1847 Sanctorum
577 1787 637 1846 Dei
657 1806 692 1846 ae
713 1788 878 1847 beatissimi
900 1788 933 1846 iu
956 1788 1075 1847 Christo
1096 1789 1190 1866 pratris
1210 1795 1241 1847 et
1261 1788 1363 1847 domni

157 1884 255 1943 nostri
268 1882 310 1942 N.
325 1902 409 1961 pspse
422 1884 526 1944 divina
543 1884 733 1963 providentia
751 1884 784 1942 in
804 1885 940 1943 Mmms
961 1885 1084 1943 ecelesia
1104 1885 1179 1942 mihi
1198 1885 1361 1960 commissa,

159 1988 190 2041 te
209 1980 333 2040 absolvo
351 1981 391 2039 ab
410 1982 549 2041 omnibus
568 1980 696 2059 peccatis
715 1981 785 2053 tuis,
801 1981 837 2038 de
857 1981 966 2058 quibus
983 1982 1070 2040 eorde
1095 1983 1240 2041 contritus
1261 1988 1292 2041 et
1311 2002 1362 2043 cre

160 2077 311 2137 coniesms
331 2076 432 2154 fueris,
449 2084 481 2138 et
499 2078 539 2138 ab
558 2080 696 2139 omnibus
717 2079 784 2138 aliis
803 2078 840 2137 de
860 2078 969 2154 quibus
990 2079 1017 2137 si
1038 2085 1193 2137 occurerent
1214 2080 1362 2139 momoriae

159 2180 221 2233 tuso
242 2172 337 2231 velles
363 2174 516 2249 confiteri3
547 2181 579 2233 et
605 2175 797 2235 sacramentis
825 2174 952 2233 ecclesiae
973 2180 1004 2232 te
1030 2174 1165 2245 restituo,
1187 2180 1218 2232 et
1245 2174 1302 2232 tibi
1326 2174 1361 2231 in

158 2270 332 2331 sincerItato
350 2270 420 2330 fidoi
440 2278 472 2331 et
511 2269 528 2301 ⁴*
548 2269 566 2301 ³
587 2269 604 2301 ἦ
645 2271 661 2302 ⁴*
681 2270 698 2301 *
718 2269 735 2301 ⁴*
775 2271 916 2329 existenti
932 2270 968 2328 de
986 2270 1124 2328 omnibus
1144 2270 1270 2346 peccatis
1289 2270 1360 2345 tuis,

158 2368 303 2447 quatinus
319 2366 414 2427 claves
434 2366 773 2447 seelesiaejpennittunt,
787 2368 965 2427 auctoritate
977 2366 1053 2423 mihi
1065 2366 1228 2441 commissa,
1242 2365 1360 2444 plenam

157 2464 362 2525 remissionem
380 2464 521 2542 indulgeo
535 2470 567 2523 et
579 2466 715 2525 concedo.
756 2465 796 2523 In
810 2463 929 2522 nomine
944 2462 1044 2521 Patris
1058 2469 1089 2521 et
1102 2463 1175 2521 Filii
1188 2469 1219 2521 et
1233 2462 1361 2540 Spiritus

158 2559 287 2642 mnes]

157 2752 285 2837 [Fenus
303 2752 534 2813 Ausonumosrs
555 2769 597 2811 or
617 2753 713 2811 Pssrs
733 2769 771 2810 sr
792 2752 897 2811 Ouum
917 2753 1082 2813 Onorsars
1102 2770 1136 2812 rs
1157 2754 1358 2814 Oossrsrosro

643 2849 866 2913 ammoneat

216 2988 408 3051 Auctor-itate
430 2990 491 3049 Dei
517 2988 618 3048 Patris
644 2990 857 3068 omnipotentis
880 2997 912 3049 et
932 2992 1089 3051 beatorum
1110 2992 1195 3050 Petri
1218 2998 1249 3051 et
1270 2990 1358 3051 Pauli

155 3086 360 3165 apostolorum
373 3092 404 3146 et
417 3084 531 3145 'saumis
551 3087 695 3145 Rommae
717 3086 855 3145 Ecclesiae
875 3088 949 3145 mihi
970 3108 1112 3159 concessa,
1128 3109 1180 3166 ego
1194 3096 1224 3147 te
1237 3089 1358 3147 absolvo

155 3184 195 3243 sb
208 3184 290 3245 omni
309 3185 459 3244 sententia
480 3183 793 3243 excommunicationis
812 3184 933 3259 majoris
946 3191 977 3243 et
990 3186 1123 3259 minoris,
1137 3192 1168 3244 et
1188 3187 1313 3244 restituo
1327 3191 1357 3244 te

156 3280 269 3340 unitati
282 3280 416 3340 fidelium
429 3288 461 3341 et
473 3287 656 3340 sacramento
669 3280 825 3353 Ecclssiae;
846 3288 876 3339 et
885 3289 916 3338 te
925 3282 1102 3340 auctoritate
1116 3282 1190 3339 mihi
1203 3282 1358 3341 commissa

154 3374 278 3437 absolvo
290 3376 330 3435 ab
343 3377 481 3436 omuibus
500 3377 627 3454 peccatis
647 3376 708 3434 tuis
728 3375 866 3434 confessis
880 3381 911 3432 et
924 3377 1061 3435 contritis
1074 3396 1108 3435 ee
1124 3378 1232 3438 oblitis.
1276 3377 1356 3436 Item

154 3472 334 3531 auctoritato
361 3472 421 3530 Dei
447 3479 479 3532 et
504 3473 659 3531 beatorum
683 3472 767 3530 Petri
790 3477 821 3529 et
848 3471 937 3529 Pauli
963 3474 1161 3549 apostolorum
1189 3480 1220 3531 et
1246 3480 1355 3533 sanetae

155 3568 300 3629 Romanae
321 3569 459 3628 Ecclesiae
472 3590 508 3628 ae
525 3570 616 3628 etiam
635 3568 813 3626 auctoritato
833 3566 934 3625 domni
953 3569 1048 3627 nestri
1072 3570 1181 3627 summi
1199 3570 1354 3629 Pontificis

153 3664 231 3725 mihi
242 3664 276 3723 in
289 3664 344 3724 hec
364 3672 448 3742 pasto
468 3664 630 3739 commissa,
646 3671 677 3724 et
690 3664 721 3722 in
738 3669 884 3740 quantum
905 3664 1005 3735 dobeo,
1020 3664 1045 3722 si
1058 3665 1117 3723 ists
1130 3665 1194 3724 viee
1208 3666 1352 3740 moriaris,

152 3759 274 3821 absolvo
287 3762 370 3819 teob
383 3764 520 3821 omnibus
538 3762 665 3841 peccetis
678 3762 739 3819 tuis
751 3762 784 3818 in
798 3761 968 3838 purgatorio
981 3760 1090 3820 debitis
1103 3769 1224 3840 propter
1236 3763 1352 3840 culpam

152 3863 186 3915 et
204 3856 330 3917 offensus
356 3878 430 3936 quas
455 3866 559 3919 contra
585 3859 684 3918 Deum
712 3865 743 3917 et
769 3857 900 3915 animum
925 3864 1010 3916 tuam
1036 3860 1228 3933 commisisti;
1261 3867 1293 3919 et
1319 3862 1352 3918 iu

152 3959 301 4031 quantum
327 3955 405 4013 mihi
430 3956 623 4033 permittitur,
648 3956 775 4015 restituo
802 3962 833 4013 te
859 3954 906 4012 illi
931 3956 1117 4031 innocentiae,
1141 3958 1175 4015 in
1201 3978 1260 4035 qua
1287 3978 1352 4017 ems

151 4053 274 4131 qrrnndo
294 4054 461 4131 baptizatus
481 4054 574 4113 fuisti.
618 4053 651 4111 si
670 4073 741 4113 vero
761 4054 819 4111 ists
838 4054 903 4112 vice
923 4074 985 4112 nen
1004 4055 1147 4128 moriaris,
1163 4075 1279 4115 reservo
1295 4058 1351 4115 tibi

149 4147 271 4227 plenam
289 4148 505 4227 indulgentiam
518 4149 577 4207 tibi
590 4168 755 4208 eoncessum
768 4169 787 4207 a
801 4150 931 4209 Domino
945 4150 1027 4228 Papa
1040 4172 1093 4230 pro
1106 4153 1213 4213 ultimo
1227 4155 1352 4215 articulo

148 4244 257 4305 monis
269 4250 337 4303 tum
380 4244 421 4303 In
433 4245 552 4303 nomine
566 4250 597 4303 et
610 4244 683 4303 Filii
697 4252 728 4304 et
742 4245 873 4323 Spiritus
887 4244 1011 4327 Structi]

272 4396 284 4419 '
299 4394 373 4442 From
384 4395 425 4441 Sir
434 4396 450 4442 J
452 4396 500 4442 ohu
511 4394 636 4443 Luwsou’s
647 4396 701 4443 MS.
896 4398 909 4459 †
926 4397 999 4444 From
1007 4398 1048 4445 tlre
1058 4398 1173 4447 Bodleian
1180 4401 1233 4449 MS.

753 4491 765 4531 1
