3022 4966
498 273 752 344 commodatio
774 273 1002 340 Animarum.

526 505 768 586 [Commo
788 461 993 566 Animus.

209 641 272 699 Tha
285 637 430 697 Bodleian
447 636 512 696 MR
527 637 610 715 gives
626 637 680 696 the
701 636 853 716 following
870 639 947 697 form
966 637 1081 698 instead
1098 639 1132 697 of
1145 638 1213 697 that
1229 639 1352 716 printed

149 758 189 798 on
200 757 249 815 pp.
266 735 356 794 55458
369 755 418 793 :-

207 849 274 908 Iota
296 848 399 908 Oratio
420 847 540 908 diaetae
558 851 679 925 prendo
699 849 804 908 animo
823 850 940 911 uidetur
958 849 1089 909 laborare
1110 850 1288 909 transeundo
1316 853 1353 910 de

149 967 274 1025 corpora.

207 1041 387 1119 Antiphone.
435 1041 599 1101 Subvenite
619 1043 716 1101 sanati
737 1042 804 1115 Dei,
826 1044 971 1102 ooaurrite
991 1044 1089 1121 angeli
1110 1044 1240 1115 Domini,
1262 1046 1352 1103 susci-

147 1141 262 1219 pientes
275 1141 405 1198 animam
418 1141 491 1216 ejus,
505 1140 662 1198 offerentes
675 1158 740 1197 eam
752 1139 787 1196 in
799 1147 957 1217 conspectu
970 1141 1126 1199 Altiseimi.

209 1237 356 1315 Requiem
369 1241 519 1294 aternam.

210 1334 320 1394 Oratio.
361 1333 548 1391 Proficisoere
560 1330 661 1389 anima
674 1329 854 1402 Christiane,
868 1330 906 1388 de
918 1329 973 1387 hoe
987 1333 1098 1390 mundo
1111 1355 1119 1405 ;

209 1431 249 1488 In
261 1430 381 1488 nomine
395 1428 454 1486 Dei
468 1427 567 1486 Patria
580 1426 800 1503 omnipotentis,
815 1425 869 1503 qui
881 1431 913 1484 te
926 1427 1045 1483 creavit.

210 1528 249 1585 ln
262 1527 381 1584 nomine
395 1525 470 1584 Jeau
483 1524 601 1582 Christe
614 1523 685 1580 Filii
698 1524 770 1601 ejus,
785 1523 838 1600 qui
851 1542 905 1601 pro
919 1530 950 1581 te
962 1541 1064 1599 passus
1078 1531 1128 1581 est.

209 1624 249 1681 In
258 1623 377 1680 nomine
391 1621 520 1699 Spiritus
534 1620 644 1693 Sancti,
659 1621 712 1698 qui
724 1621 759 1678 in
771 1627 802 1679 te
816 1621 926 1679 effusus
938 1627 990 1680 nst

209 1720 250 1778 In
262 1720 381 1778 nomine
394 1718 580 1796 Angelorum
594 1723 625 1775 et
638 1716 899 1796 Archangelorum

209 1816 249 1873 In
261 1816 382 1873 nomine
395 1815 582 1873 Thronorum
595 1819 626 1872 et
639 1814 864 1873 Dominatuum.

209 1911 250 1969 In
276 1911 396 1970 nomine
422 1911 650 1988 Principatuum
677 1916 708 1968 et
735 1910 940 1970 Proteststum
967 1917 999 1969 et
1027 1908 1159 1966 omnium
1186 1909 1344 1970 celestium

149 2007 319 2066 Virtutum

208 2106 248 2163 Iu
261 2106 381 2166 nomine
395 2105 547 2164 Cherubin
560 2110 592 2162 et
605 2104 758 2180 Seraphin.

210 2202 250 2259 In
263 2202 383 2260 nomine
397 2201 637 2278 Patriaroharum
650 2205 683 2258 et
695 2199 920 2277 Prophetarum.

211 2300 249 2356 In
263 2301 382 2358 nomine
395 2299 610 2376 Apostolorum
623 2304 654 2356 et
667 2297 847 2374 Martyrum.

211 2395 250 2453 In
263 2398 383 2455 nomine
397 2396 602 2455 confessorum
619 2400 649 2453 at
663 2394 885 2470 Episcopornm.

210 2491 249 2549 In
262 2495 381 2551 nomine
395 2493 587 2551 Saeenlotum
601 2499 632 2550 et
646 2490 820 2548 Levitarum
834 2496 865 2548 et
885 2490 1018 2548 omnium
1033 2488 1169 2548 Ecclesiae
1191 2489 1349 2549 Catholicae

148 2587 301 2664 graduum.

208 2684 247 2740 In
262 2683 381 2739 nomine
394 2682 556 2757 Virginem
570 2688 600 2738 et
613 2680 745 2737 fidelium
759 2681 937 2750 Viduarum,
952 2681 1039 2738 hodie
1059 2681 1092 2737 in
1105 2702 1174 2758 pace
1188 2682 1267 2739 locus
1281 2690 1351 2740 tuus

148 2781 201 2836 fiat
215 2785 245 2835 at
258 2777 403 2834 habitatio
417 2782 470 2833 tua
483 2779 514 2833 in
528 2775 638 2833 oaelesti
652 2775 850 2832 Hierusalem.

209 2875 339 2951 Suseipe,
358 2875 468 2949 itaque,
491 2875 628 2946 Domine,
643 2892 763 2931 servum
782 2879 869 2931 tuum
885 2874 917 2930 in
938 2873 1096 2932 bonumne
1117 2874 1247 2932 lucidum
1270 2877 1349 2934 habi-

148 2972 281 3030 taculum
293 2978 388 3027 tuum.

194 3129 196 3132 ,
209 3069 325 3140 Libera,
340 3067 476 3140 Domine,
490 3068 620 3126 animam
640 3067 786 3139 servitui,
801 3087 839 3125 ex
852 3067 990 3126 omnibus
1010 3069 1148 3144 periculis
1166 3069 1350 3127 infernorum

147 3172 179 3224 et
192 3166 228 3223 de
242 3166 312 3223 loeis
326 3185 477 3242 paenarum
490 3173 521 3223 et
534 3167 571 3223 de
585 3165 721 3222 omnibus
734 3164 884 3223 doloribus
897 3165 1132 3224 tribulationum.

209 3263 325 3334 Libera,
340 3262 476 3335 Domine,
492 3262 622 3320 animam
635 3261 714 3320 servi
728 3261 781 3334 tui,
797 3261 874 3319 sieut
893 3260 1025 3319 liberasti
1040 3261 1141 3319 Enoch
1156 3269 1187 3319 et
1201 3263 1298 3321 Ellam
1310 3264 1346 3320 de

147 3365 242 3418 morte
256 3359 413 3417 communi.

207 3456 322 3529 Libera,
342 3458 479 3528 Domine,
500 3457 630 3514 animam
643 3456 722 3514 servi
734 3455 789 3528 tui,
804 3455 882 3513 siout
903 3454 1035 3513 liberasti
1057 3454 1181 3531 Moysen
1195 3456 1231 3512 de
1252 3475 1343 3513 manu

147 3553 319 3612 Pharaonis.

207 3653 322 3721 Libera,
337 3653 474 3725 Domine,
490 3653 621 3710 animam
640 3651 719 3709 servi
739 3650 794 3723 tui,
809 3650 887 3708 sicut
907 3650 1039 3708 hberasti
1061 3651 1138 3707 Loth
1156 3651 1192 3707 de
1214 3651 1346 3709 Sodomis

146 3753 176 3805 et
190 3748 226 3806 de
240 3749 358 3806 flamma
372 3749 456 3825 ignis

206 3847 321 3918 Libera,
348 3848 485 3918 Domine,
509 3847 639 3904 animam
660 3845 739 3903 servi
762 3844 816 3915 tui,
834 3844 912 3902 siout
932 3843 1065 3900 liberasti
1089 3843 1172 3899 Iasae
1196 3844 1232 3899 de
1255 3863 1345 3902 manu

144 3943 298 4018 patrissui
314 3943 455 4001 Abrahae.

207 4039 321 4109 Libera,
337 4039 474 4111 Domine,
489 4039 619 4096 animam
633 4038 711 4096 servi
725 4037 779 4110 tui,
794 4037 872 4095 siout
892 4035 1026 4093 liberasti
1038 4035 1060 4093 J
1060 4035 1098 4092 ob
1112 4035 1148 4092 ‹le
1162 4035 1346 4110 passionibus

145 4153 214 4193 suas.

206 4235 320 4305 Libera,
351 4235 488 4307 Domine,
508 4235 639 4293 animam
665 4234 743 4293 servi
770 4234 825 4306 tui,
850 4234 926 4291 sieut
949 4232 1081 4290 liberasti
1105 4240 1164 4292 tres
1186 4251 1291 4309 pueros
1312 4233 1348 4289 de

144 4329 259 4388 eamino
272 4329 349 4407 ignia
362 4329 494 4389 ardentis
507 4337 538 4389 et
551 4332 588 4390 de
601 4350 692 4390 manu
706 4331 783 4408 regis
795 4329 902 4406 iniqui.
