3022 4966
380 391 405 455 I
402 411 429 456 c
442 390 692 478 Pumfieote'oue
706 392 802 460 tecte
814 391 938 459 Marte
957 393 1122 480 Virginis.

111 588 114 593 ¹
224 569 336 632 Versus.

157 686 1361 839 ⁸⁴*

190 859 281 918 Nunc
295 859 461 917 di-mit-tis
475 879 611 918 ser-vum
627 866 743 934 tu-um,
760 861 948 935 Domi-ne,
980 864 1186 924 secun-dum
1208 867 1339 925 ver-bum

186 1274 308 1328 tu·um
344 1272 377 1329 in
410 1290 520 1348 ptr-ce.

185 1412 187 1415 ι
218 1452 270 1514 Ad
277 1455 486 1532 processionem
498 1455 533 1513 in
546 1455 626 1552 enitet
640 1453 737 1515 Obori.
780 1452 959 1531 Antiphone.

218 1551 296 1624 Ave,
324 1553 421 1628 gratia
448 1551 544 1628 plena,
570 1552 629 1610 Dei
651 1550 789 1629 genetrix
815 1550 908 1629 virgo,
930 1570 969 1608 ex
991 1555 1023 1608 te
1046 1549 1126 1608 enim
1146 1554 1229 1609 ortus
1250 1555 1296 1609 est
1315 1549 1360 1609 sol

159 1648 295 1726 justitiae,
309 1648 482 1707 illuminans
495 1667 561 1725 quae
577 1648 611 1706 in
623 1648 754 1706 tenebris
767 1653 850 1706 sunt.
891 1646 1007 1705 Laetere
1020 1652 1063 1719 tu,
1079 1646 1177 1706 senior
1192 1647 1284 1724 juste,
1300 1666 1361 1706 sus-

157 1743 269 1821 cipiens
282 1744 315 1800 in
328 1745 413 1802 ulnus
427 1745 616 1802 liberatorem
629 1749 660 1801 et
672 1744 923 1802 resurrectionem

191 1899 195 1914 ,
216 1842 292 1902 Item
305 1843 368 1901 alic
380 1842 559 1920 Antiphone.

218 1938 344 1997 Adorna
356 1939 521 1997 thalamum
539 1945 635 2012 tuum,
650 1937 732 2011 Sion,
747 1943 778 1995 et
797 1937 911 2014 sincipe
930 1956 1029 2014 regem
1043 1937 1196 1995 Christum
1205 1957 1214 2011 3
1237 1937 1359 2016 amplec-

157 2041 220 2094 tere
230 2035 367 2108 Mariam‚
378 2054 444 2110 quae
454 2041 499 2093 eat
509 2035 632 2092 caelestis
644 2041 739 2111 porta,
751 2035 814 2110 ipae
823 2034 904 2091 enim
916 2039 1017 2110 portet
1031 2053 1129 2110 regem
1141 2034 1242 2110 glorioe
1250 2054 1260 2108 ;
1280 2054 1359 2094 novo

160 2131 274 2190 lumine
287 2132 423 2189 subsistit
435 2132 520 2207 virgo
533 2131 680 2188 adducens
694 2131 727 2187 in
740 2130 877 2188 manibus
897 2130 992 2188 filium
1006 2135 1076 2188 ante
1089 2131 1254 2205 luciferum,
1270 2150 1359 2208 quem

159 2228 306 2304 accipiens
320 2228 447 2303 Symeon
460 2228 493 2283 in
506 2227 592 2284 ulnas
605 2246 672 2284 aues
684 2226 858 2304 praedicavit
869 2226 986 2303 populis
1005 2226 1171 2285 Dominum
1184 2226 1284 2285 Deum
1296 2247 1359 2288 csse

156 2325 227 2384 vitae
240 2331 272 2383 et
285 2327 397 2398 mortis,
413 2331 443 2382 et
456 2324 634 2383 salvatorem
647 2324 759 2384 mundi.

213 2422 355 2498 Sequitur
368 2422 602 2500 Reepoeteorium.

216 2520 328 2593 Gaude,
344 2521 446 2597 gaude,
461 2520 564 2599 gaude,
581 2520 680 2578 Maria
695 2519 788 2597 virgo,
803 2525 923 2578 cunctas
945 2519 1070 2578 haereaes
1090 2519 1152 2578 sols
1171 2520 1358 2594 interemisti,

154 2637 221 2695 quse
249 2617 395 2676 Gebrielis
422 2617 590 2694 archangeli
623 2616 711 2674 dictis
737 2614 894 2674 credidisti.
958 2616 1042 2674 Dum
1075 2616 1160 2694 virgo
1193 2617 1292 2675 Deum
1325 2623 1357 2677 et

155 2714 306 2773 hominem
319 2714 456 2794 genuisti,
472 2719 584 2790 etpost
600 2720 720 2791 partum
733 2713 817 2789 virgo
830 2712 974 2771 inviolata
986 2713 1182 2790 permansisti.

160 2811 190 2870 V.
213 2811 382 2871 Gabrielem
400 2810 610 2888 archangelum
640 2809 748 2868 scimus
768 2808 913 2867 divinitus
932 2815 964 2868 te
993 2828 1055 2868 esse
1074 2809 1212 2886 affatum3
1236 2815 1355 2870 uterum

153 2913 240 2967 tuum
267 2909 305 2967 de
333 2908 448 2986 Spiritu
476 2908 585 2966 Sancto
612 2906 758 2965 credimus
784 2905 1003 2983 impregnatum
1014 2926 1025 2981 ;
1053 2908 1205 2967 erubescet
1231 2908 1356 2970 Judaus

152 3000 266 3081 infelix,
296 3006 348 3084 qui
375 3006 449 3064 dicit
476 3005 630 3063 Christum
656 3023 696 3062 ex
721 3002 744 3061 J
745 3003 835 3081 oseph
868 3004 979 3062 semine
1013 3023 1075 3063 esse
1105 3011 1217 3068 netum.
1258 3007 1353 3088 {Dum

151 3121 242 3182 virgo.

211 3200 316 3259 Gloria
328 3200 414 3258 Patri
426 3206 458 3258 et
471 3199 549 3259 Filio
562 3205 594 3259 et
608 3198 735 3278 Spiritui
748 3199 863 3258 Sancto.
906 3199 989 3257 Dum
1002 3198 1095 3277 virgo.

211 3295 471 3372 SequaturProec.

212 3392 372 3466 Inviolata,
393 3393 508 3470 integra
532 3398 563 3452 et
585 3398 667 3451 caste
679 3411 719 3468 es,
741 3391 848 3462 Maria,
872 3410 938 3468 quae
965 3410 997 3449 ea
1023 3391 1127 3450 effecta
1149 3391 1263 3469 fulgide
1287 3394 1353 3453 caeli

150 3494 244 3566 porta.
287 3489 314 3547 Ο
328 3495 425 3548 mater
444 3489 522 3548 ulma
536 3489 649 3548 Christi
667 3489 825 3562 carissima,
840 3488 953 3565 suscipe
966 3487 1089 3545 laudum
1102 3488 1152 3564 pia
1164 3489 1353 3565 precamina3

151 3591 253 3644 nostra
265 3591 302 3643 ut
322 3605 397 3663 pura
409 3592 528 3663 pectora
540 3586 602 3645 sint
621 3591 652 3644 et
672 3604 793 3662 corpora
811 3603 877 3660 quae
897 3602 977 3641 nunc
996 3583 1134 3660 flagitent
1151 3583 1265 3659 devote,
1279 3604 1352 3646 vox-

150 3702 208 3761 que
229 3689 261 3741 et
280 3683 376 3742 corda.
419 3684 466 3742 Τιι
489 3683 528 3742 da
547 3703 600 3761 per
619 3688 738 3761 precata
757 3681 909 3739 dulcisone.
928 3680 1013 3739 nobis
1032 3686 1175 3757 perpetua
1193 3681 1255 3744 frui
1278 3683 1348 3744 vita.

150 3782 177 3842 Ο
191 3783 286 3856 beuta,
301 3781 328 3841 Ο
342 3782 478 3860 benigna,
494 3781 521 3839 0
534 3782 630 3854 beata,
644 3800 710 3859 quse
723 3780 786 3838 sola
798 3778 942 3837 inviolata
954 3778 1150 3855 permansisti.

209 3879 261 3938 Ad
273 3879 430 3939 introitum
444 3877 535 3939 Obori
547 3877 778 3955 Responscrium.

210 3975 286 4036 (lum
299 3977 474 4035 inducerent
487 3994 612 4052 puerum
623 3974 776 4033 Christum
786 3979 922 4052 parentes
932 3973 1005 4051 ejus,
1019 3975 1133 4052 accepit
1142 3993 1210 4032 eum
1220 3972 1348 4051 Symeon

145 4074 180 4132 in
202 4074 290 4134 ulnas
312 4094 388 4148 suaa,
413 4079 445 4132 et
471 4072 625 4131 benedixit
647 4071 755 4145 Deum,
777 4077 808 4129 et
827 4070 926 4132 dixit:
948 4071 1039 4130 Nune
1058 4071 1194 4147 dimittis,
1208 4072 1345 4149 Domine,

147 4191 267 4232 servum
279 4179 368 4231 tuum
380 4173 411 4231 in
426 4191 504 4250 pace.

152 4268 182 4330 V.
204 4270 364 4348 Accipiens
390 4271 519 4348 Symeon
544 4286 670 4346 puerum
692 4266 726 4326 in
746 4268 893 4344 manibus,
915 4269 1026 4348 gratias
1048 4287 1146 4346 egens,
1168 4267 1347 4330 exclamarit

145 4366 266 4428 dicens:
287 4369 378 4428 Nunc
392 4368 526 4426 dimittis

151 4461 182 4524 V.
196 4464 428 4544 (sacerdotales).
470 4462 631 4542 Accipiens
645 4461 766 4523 Simeon
777 4482 904 4541 puerum
916 4463 949 4522 in
962 4462 1106 4523 menibus
