3022 4966
209 333 273 398 196
576 328 626 395 Ire
639 328 732 395 Festo
746 326 857 394 sorceti
877 327 1043 394 Willelmi.

271 513 382 575 Oratio.

268 609 395 682 Exaudi,
428 627 604 685 quaesumus,
636 608 774 680 Domine,
803 607 919 686 plebem
944 613 1038 682 tuem,
1066 616 1096 667 et
1130 630 1195 687 quae
1229 612 1414 672 extrinsecus

207 728 308 770 onnus
320 707 429 766 tribuis
442 707 598 765 devotione
611 707 747 766 venerari
766 706 799 764 in
818 706 917 780 terris,
931 708 1049 784 assequi
1062 708 1166 785 gratiss
1187 714 1246 768 tuse
1264 710 1330 769 luoe
1345 731 1413 770 oon-

208 808 286 869 cedo.
327 806 388 864 Per
400 804 566 864 Dominum
578 811 724 887 nostrum,

430 1053 470 1111 Is
490 1051 756 1111 Arrurrrsrroun
776 1067 883 1111 nnurn
904 1051 1031 1124 Murus,
1052 1069 1199 1112 vrnorsrs.

269 1209 312 1271 In
323 1210 404 1271 exitu
416 1210 652 1287 Respousorium.

271 1307 384 1367 christi
393 1308 478 1385 virgo
491 1308 690 1380 dilectissimo,
702 1308 852 1366 virtutum
865 1307 1024 1384 operatrix,
1036 1327 1121 1385 opem
1131 1309 1175 1366 for
1187 1309 1320 1383 miseris;
1341 1309 1416 1368 Sub

208 1405 287 1479 veni,
302 1405 441 1479 Domino,
462 1405 660 1464 clamantibus
676 1405 715 1463 ed
732 1411 764 1464 te
782 1405 904 1484 jugiter.
948 1405 1098 1475 Quoniam
1120 1412 1308 1482 peccatorum
1335 1407 1412 1465 mole

207 1502 380 1579 promimur,
395 1508 426 1561 et
438 1521 499 1560 non
509 1509 554 1560 ost
567 1503 620 1580 qui
633 1502 767 1579 adjuvet.
810 1503 951 1562 Subveni

270 1600 374 1660 Gloria
386 1600 473 1659 Petri
486 1607 517 1659 et
531 1600 609 1659 Filio
622 1606 653 1660 et
666 1600 793 1678 Spiritui
807 1600 923 1660 Sancto.
967 1601 1107 1659 Subveni.

269 1698 320 1758 Ad
332 1699 489 1758 introitum
501 1699 612 1758 dioitror
624 1698 860 1776 Resporrsmium.

271 1797 426 1868 Quomodo
439 1797 491 1855 fiet
504 1796 588 1871 illud,
602 1796 754 1874 respondit
767 1797 875 1870 Meris,
891 1796 1040 1867 Quoniam
1059 1795 1158 1853 virum
1172 1815 1233 1852 non
1253 1797 1415 1873 cognosool

209 1893 345 1972 Angelus
358 1894 397 1952 od
408 1894 491 1952 hoeo:
513 1893 642 1970 Spiritus
655 1893 782 1952 Sanctus
795 1894 984 1972 superveniet
996 1894 1029 1951 in
1042 1899 1082 1968 te,
1094 1893 1136 1950 Et
1148 1893 1246 1951 virtus
1256 1892 1408 1950 Altissimi

208 1993 397 2053 obumbrabit
411 1993 475 2066 tibi,
491 1993 626 2070 alleluys

215 2087 248 2161 V,
269 2089 342 2148 Ideo
363 2090 443 2167 quod
463 2095 602 2150 noscetur
622 2109 661 2148 ex
682 2095 713 2148 to
734 2095 871 2149 sonetum
893 2089 1048 2148 vocabitur
1066 2089 1161 2146 Filius
1178 2089 1234 2146 dei
1276 2088 1407 2166 Spiritus

210 2187 344 2248 Sanetus

270 2284 375 2344 Gloria
387 2284 473 2344 Petri
483 2291 515 2345 et
528 2285 606 2345 Filio
619 2291 650 2344 et
665 2285 791 2363 Spiritui
805 2284 922 2344 Sancto.
966 2285 1007 2341 Et
1019 2283 1124 2341 virtus.

202 2382 245 2459 V.
260 2384 491 2463 (sacerdotalis).
532 2385 611 2458 Avo,
626 2384 725 2442 Murio
737 2385 835 2463 gretie
847 2384 943 2462 plens,
959 2383 1106 2441 Dominus
1119 2388 1225 2440 tecum.

272 2482 381 2542 Oratio.

270 2580 361 2654 Deus,
377 2580 429 2657 qui
443 2581 479 2639 de
487 2581 581 2640 beatse
596 2581 701 2639 Murio
715 2581 839 2657 virginis
852 2585 938 2639 utero
952 2580 1087 2638 Verbum
1101 2585 1197 2651 tuum,
1216 2578 1321 2654 angelo
1335 2599 1415 2636 nun-

210 2678 311 2751 tiante,
328 2699 444 2736 carnem
466 2680 612 2755 suscipere
634 2679 756 2736 voluisti
767 2699 775 2750 ;
796 2685 904 2754 praesta
927 2679 1107 2754 supplicibus
1129 2678 1198 2747 tuis,
1213 2684 1248 2734 ut
1267 2678 1319 2753 qui
1338 2697 1406 2735 vere

209 2797 273 2835 eam
288 2777 345 2834 Dei
358 2778 537 2850 genetricem
551 2777 704 2848 credimus,
721 2778 783 2851 ejus
801 2777 879 2852 apud
901 2784 932 2834 te
952 2777 1211 2834 intercessionibus
1224 2777 1410 2852 adjuvemur.

209 2873 269 2931 Per
282 2874 415 2932 eundem.

562 3051 601 3108 Iu
623 3051 721 3108 Fnsro
742 3067 847 3109 suncrr
868 3051 1043 3110 Winunnur.

270 3215 310 3275 Iu
323 3215 403 3276 exitu
417 3214 512 3277 Obori.
545 3217 724 3294 Antiphone.

572 3317 598 3374 Ο
613 3315 774 3388 Willelme,
790 3321 889 3392 pastor
902 3316 987 3389 bone,

573 3413 653 3471 Cleri
666 3420 750 3490 puter
763 3419 794 3470 et
807 3420 930 3490 patrone

575 3510 693 3581 Mundi,
710 3509 794 3567 nobis
808 3510 840 3566 in
854 3530 947 3585 agone

573 3605 682 3664 Confer
695 3626 789 3683 opem,
804 3613 835 3663 ot
848 3606 960 3682 depone

572 3704 655 3761 Vitae
668 3705 776 3775 sordes,
792 3710 822 3762 et
835 3723 950 3762 ooronoe

614 3800 745 3858 Caelestis
759 3801 797 3857 da
810 3800 924 3876 gaudis

214 3896 242 3954 V.
259 3896 486 3976 (sacerdotal-is).
530 3899 591 3956 Ora
608 3917 662 3974 pro
677 3897 771 3969 nobis,
786 3899 871 3955 besto
884 3897 1043 3955 Willelme.

271 3994 380 4052 Oratio.

268 4091 360 4162 Deus,
375 4093 428 4168 qui
442 4113 495 4150 nos
508 4093 588 4150 beuti
602 4092 749 4149 Willelmi
769 4093 940 4151 confessoris
961 4094 1007 4150 tui
1027 4100 1116 4170 atque
1130 4095 1277 4170 pontilicis
1295 4096 1415 4156 meritis

207 4195 239 4246 et
251 4188 459 4248 intercessione
472 4193 603 4248 laetificas
616 4211 625 4263 5
648 4192 773 4249 concede
793 4193 947 4268 propitius,
962 4194 1064 4268 utqui
1080 4195 1143 4270 ejus
1158 4195 1298 4251 beneficis
1319 4196 1415 4270 posci-

208 4305 283 4359 mus,
299 4287 377 4345 dono
398 4295 457 4346 tuae
471 4292 574 4365 gratiae
589 4309 808 4367 consequamur.
852 4291 911 4349 Per
925 4291 1087 4349 Christum.

270 4384 321 4443 Aa
332 4385 487 4445 introitum
502 4388 601 4461 Obori,
616 4397 650 4446 ut
663 4409 755 4464 supro
768 4397 896 4448 uocatur.
