3022 4966
551 312 727 400 Eceeqaioe
748 312 1002 400 Defunctocum.

231 491 373 551 Paulmue
386 493 498 572 (acia)

230 597 283 654 Ad
296 597 470 673 Dominum,
486 618 554 658 cnm
567 599 735 673 tdbvdarcr,
749 599 875 659 clamavi
888 621 895 659 τ
916 607 947 659 et
960 601 1115 660 exaudivit
1128 622 1183 662 me.

230 702 367 776 Domine,
381 703 476 762 libera
488 705 619 762 animam
632 724 728 763 meam
741 725 759 763 a
772 705 859 764 labiis
871 706 992 783 iniquis,
1007 713 1038 764 et
1051 726 1070 764 a
1079 707 1181 785 lingna
1193 708 1301 770 dolosa

230 808 311 878 Quid
325 809 414 867 detur
427 809 494 883 tibi,
508 815 562 868 aut
576 810 648 886 quid
662 815 829 887 apponatur
841 810 898 868 tibi
911 811 950 868 ad
962 810 1096 889 linguam
1109 812 1258 871 doloaamt

229 912 354 992 Sagittae
366 914 499 992 potentin
512 920 614 985 acutae,
629 934 698 973 cum
711 915 887 973 carbonibus
900 915 1091 975 desolatoriis.

229 1018 302 1077 Heu
328 1019 412 1091 mihi,
441 1019 513 1097 quia
538 1019 684 1078 incolatus
711 1039 795 1078 meus
822 1019 1013 1097 prolongatus
1039 1024 1104 1080 esti
1139 1022 1275 1082 habitavi
1302 1043 1370 1084 uum

166 1113 373 1174 habitantibus
386 1116 501 1175 cedar:
522 1115 652 1174 multum
665 1117 762 1176 incola
775 1116 834 1175 fuit
846 1117 947 1175 anima
959 1137 1033 1177 mea.

228 1219 306 1279 (ium
327 1219 382 1293 his,
405 1221 458 1297 qui
481 1221 608 1280 oderunt
631 1242 741 1300 pacem,
766 1241 846 1280 eram
867 1223 1025 1299 pacificus:
1047 1243 1115 1282 cum
1138 1222 1280 1301 loquebar
1299 1225 1369 1299 illia,

165 1317 382 1396 impugnabant
394 1338 443 1377 me
454 1320 555 1398 gratis.

204 1421 372 1501 *Requiem
386 1430 536 1484 oetemam.

174 1529 179 1538 ’
224 1557 405 1637 laeam.

192 1673 1363 1751 *mffll

522 1754 629 1786 -ι
654 1753 844 1786 ..ιι-
869 1754 902 1786 Ι
928 1754 1140 1788 —-
1165 1756 1363 1789 --ι

250 1822 322 1881 Heu
352 1843 400 1882 me
424 1824 517 1901 qui-a
561 1823 793 1882 in-oo-la-tus
830 1842 931 1882 meua
972 1824 1244 1903 pro-lon-ga-tus
1270 1832 1325 1885 est.

220 2008 404 2086 imaum.

222 2397 476 2475 Pauliacum.)
520 2458 523 2462 ,
915 2392 1302 2450 n-v-o-v-A-n.

222 2501 336 2561 Levavi
349 2500 448 2560 oculos
461 2519 541 2559 meos
554 2499 586 2558 in
600 2506 722 2572 montes,
738 2499 817 2557 unde
830 2497 931 2555 veniet
944 2496 1091 2555 auxilium
1105 2496 1185 2554 mihi.

219 2607 381 2666 Auxilium
395 2627 493 2667 meum
507 2627 526 2665 a
539 2606 686 2664 Domino:
708 2607 761 2683 qui
774 2605 846 2663 fecit
859 2604 964 2663 caelum
977 2611 1008 2662 et
1021 2609 1139 2662 teriam.

218 2715 250 2774 N
250 2733 290 2774 on
310 2715 362 2774 det
382 2715 414 2773 in
434 2713 663 2773 commotionem
683 2711 789 2790 pedem
809 2718 896 2768 tuum
910 2732 916 2768 :
945 2729 1041 2787 neque
1063 2709 1205 2768 dormitet
1227 2710 1279 2787 qui
1301 2729 1363 2768 cus-
1399 2731 1402 2735 ·

156 2808 234 2869 todit
247 2814 286 2869 te.

216 2914 293 2975 Ecce
306 2933 367 2973 non
380 2913 565 2985 dormitabit,
579 2931 676 2989 neque
690 2909 826 2982 dormiet,
842 2909 894 2987 qui
907 2909 1039 2968 custodit
1052 2909 1153 2968 Israel.

216 3020 364 3079 Dominus
377 3019 507 3078 custodit
520 3024 559 3091 te,
576 3017 724 3075 Dominus
737 3016 882 3094 protectio
896 3023 956 3088 tua,
972 3035 1060 3093 super
1073 3033 1194 3073 manum
1209 3015 1361 3074 dexteram

157 3120 249 3172 tuam.

215 3219 276 3277 Per
288 3218 368 3277 diem
381 3217 425 3276 sol
439 3235 501 3274 non
515 3222 583 3275 uret
596 3221 636 3287 te,
651 3235 747 3294 neque
761 3216 833 3273 luna
846 3220 1035 3293 pernoctem

215 3325 364 3384 Dominus
378 3323 546 3382 custoditte
560 3323 597 3381 ab
606 3322 688 3381 omni
700 3323 792 3381 malo:
807 3321 955 3380 custodiat
964 3320 1095 3378 animam
1109 3327 1192 3376 tuam
1204 3319 1357 3376 Dominus.

216 3431 364 3490 Dominus
384 3429 531 3488 custodiat
544 3428 703 3486 introitum
719 3433 807 3485 tuum
828 3432 858 3485 et
878 3427 994 3484 exitum
1014 3433 1118 3483 tuum:
1139 3444 1178 3482 cx
1191 3423 1255 3497 hoc,
1270 3443 1358 3494 nunc,

156 3536 188 3588 ct
200 3547 294 3605 neque
306 3528 338 3585 in
352 3525 501 3585 saeculum.

216 3658 394 3735 Anapum

233 3923 441 3982 Domi-nus
472 3920 663 3979 cus-to-dit
696 3925 727 3976 te
761 3919 798 3976 ab
826 3918 935 3977 om-ni
961 3915 1074 3975 ma-lo:
1107 3912 1350 3972 cue-to-di-at·

148 4110 835 4249 ffi

200 4273 403 4332 ami-mam
430 4277 547 4327 tu=am
583 4269 790 4326 Do-mi-nua

606 4384 618 4409 ¹
635 4383 687 4429 Ona
700 4382 843 4441 Cambiidgc
855 4380 906 4426 MS.
