3022 4966
144 275 208 338 104
520 268 769 337 Bcccdictc'oues
792 267 972 336 ammte.

202 452 316 512 Deinde
329 452 429 512 trudat
442 450 469 510 ci
482 451 618 510 mudum
630 450 750 511 dicens:

203 550 263 609 Per
283 551 363 609 hunc
383 549 523 608 luculum
545 548 670 625 accipies
690 547 925 607 benedictionem
947 552 978 606 et
997 545 1229 605 misericordiam
1241 565 1260 603 a
1274 547 1339 605 Deo

142 645 267 704 salutari
280 651 340 703 tuo.
384 644 445 714 Qui
457 644 544 704 vivit.

203 743 348 801 Probum.
392 742 475 800 Deus
488 742 665 801 misereatur
677 742 795 820 (lxvii.)

203 839 351 897 Peotmue.
393 839 481 898 Beati
494 839 677 898 immaculati
692 840 806 918 (emm.)

205 936 350 995 Peotmus.
393 936 573 995 Benedictus
586 936 734 995 Dominus
747 937 830 994 Deus
843 935 938 994 Ismel
950 935 998 1012 (S.
1014 935 1084 994 Luc.
1101 935 1120 992 i.
1138 934 1203 1012 68).

206 1034 310 1092 Gloria
324 1033 415 1092 Petri

205 1132 303 1209 Kyrie
316 1132 443 1208 eleyson.
486 1131 604 1190 Christe
617 1131 745 1208 eleyson.
789 1130 886 1208 Kyrie
899 1131 1026 1207 eleyson.

205 1228 297 1287 Pater
308 1235 417 1286 noster.
460 1227 502 1285 Et
515 1247 553 1285 ue
566 1246 629 1285 nos.
672 1227 730 1285 Sed
743 1227 845 1286 libers.

207 1325 330 1383 Salvum
342 1325 389 1383 fec
402 1344 521 1383 servum
535 1319 619 1382 tuem
633 1346 639 1382 :

246 1422 329 1480 Deus
343 1441 425 1480 meus
438 1427 607 1498 sperantem
620 1421 653 1478 in
667 1428 705 1479 te.

206 1518 298 1577 Mitte
311 1519 348 1591 ei,
363 1520 502 1592 Domine,
516 1519 664 1577 auxilium
679 1519 715 1576 de
729 1524 849 1576 sancto:

247 1616 289 1673 Et
302 1616 339 1673 de
353 1615 426 1674 Sion
439 1623 525 1675 tuere
538 1635 615 1674 eum.

571 1857 638 1916 Pro
659 1874 730 1916 rrss
749 1858 940 1916 Aosrrmus.

208 2003 234 2061 0
249 2001 378 2060 Domine
391 2001 487 2060 salvos
500 2019 550 2059 eos
562 2000 617 2060 feo.
661 2000 687 2058 0
702 2000 838 2070 Domine,
852 2001 926 2059 bene
939 2019 1118 2079 prosperare.

205 2099 392 2170 Benedictus,
407 2099 461 2177 qui
474 2099 559 2157 venit
573 2099 606 2156 in
619 2098 740 2158 nomine
754 2098 886 2156 Domini.

209 2197 338 2255 Domine
352 2197 435 2255 Deus
448 2197 606 2255 virtutum.

209 2293 251 2351 Et
265 2295 394 2354 ostende.

209 2390 339 2448 Domine
353 2391 469 2449 exaudi

209 2486 359 2545 Dominus
372 2488 531 2546 vobiscum.
574 2487 709 2545 Oremus.
754 2484 864 2544 Oratio.

210 2582 405 2660 Omnipotens
419 2585 616 2661 sempiternus
626 2584 718 2653 Deus,
730 2583 782 2658 qui
792 2588 837 2640 eet
846 2581 896 2640 vie
905 2581 1016 2639 veritus
1026 2586 1057 2639 et
1067 2581 1140 2653 vita,
1150 2582 1209 2640 iter
1218 2590 1305 2641 tuum
1315 2586 1347 2641 in

147 2677 331 2754 beneplacito
355 2701 409 2737 suo
432 2682 579 2757 disponat,
606 2681 745 2757 angelum
768 2685 904 2737 sanctum
926 2678 1109 2754 Raphaelem
1132 2680 1165 2735 in
1187 2679 1241 2738 hue
1264 2701 1345 2756 porc-

147 2775 314 2850 grinationc
336 2783 388 2834 tue
407 2779 559 2835 custodem
579 2778 727 2848 adhibeat,
742 2779 795 2853 qui
808 2777 846 2834 ad
859 2777 924 2834 loca
943 2777 1109 2834 desiderate
1132 2797 1198 2835 cum
1221 2797 1291 2853 pace
1317 2787 1346 2834 tc

149 2870 247 2928 eundo
269 2873 419 2947 perducet,
435 2880 548 2931 etcum
568 2874 664 2931 salute
687 2875 797 2931 iterum
818 2874 856 2931 ud
877 2893 932 2931 nos
955 2875 1104 2932 redeundo
1125 2874 1252 2930 reducat.
1297 2875 1344 2928 b'it

148 2969 350 3026 interventrix
373 2972 421 3028 tui
444 2971 532 3028 beuta
555 2970 613 3029 Dei
631 2972 764 3048 genitrix
788 2972 888 3030 Maria
910 2992 978 3030 cum
1002 2971 1148 3029 universis
1168 2970 1293 3044 Angelis
1314 2976 1345 3024 et

150 3066 356 3143 Archungclis,
384 3069 566 3127 Patriarchis
599 3089 716 3145 quoque
750 3076 781 3127 ct
812 3069 977 3146 Prophetis.
1047 3069 1115 3127 Sint
1140 3068 1345 3124 intercessores

151 3164 247 3221 suncti
267 3166 406 3241 Apostoli
434 3167 542 3224 Petrus
570 3173 600 3224 et
625 3166 736 3224 Paulus
763 3186 831 3224 cum
858 3167 963 3224 ceteris
983 3167 1131 3243 apostolis,
1157 3164 1345 3239 martyribus

150 3261 364 3320 confessoribus
378 3270 408 3322 et
422 3265 594 3342 virginibus.
638 3265 839 3340 Obtineutque
854 3265 911 3321 tibi
924 3265 1021 3321 sancti
1034 3265 1085 3337 N,
1100 3282 1225 3340 quorum
1239 3265 1346 3339 quaeris

151 3358 299 3437 suffragiu,
314 3381 381 3418 cum
395 3363 532 3420 omnibus
556 3363 666 3421 sanctis
684 3364 768 3439 justa
791 3360 936 3419 desideria
956 3367 987 3417 ct
1007 3363 1233 3438 prosperitatem
1246 3362 1346 3416 remis-

151 3456 323 3535 sionemque
349 3466 536 3535 peccatorum
559 3461 711 3519 scritum
737 3465 886 3517 oeternum.
937 3457 996 3516 Per
1023 3458 1187 3516 Dominum
1214 3464 1349 3516 nostrum

153 3556 264 3656 «Iesum⁸
274 3557 434 3616 Christum.

174 3770 366 3830 Bsrsnrcrro
387 3772 502 3832 (trucis
523 3788 562 3828 nr
581 3787 688 3830 norun
708 3786 762 3839 cur
784 3787 817 3828 rr
837 3770 1047 3829 Hrssussnrs
1069 3785 1336 3828 rsoncrscusrur.

216 3933 366 4015 [Benedic,
382 3935 520 4006 Domine,
534 3934 611 3992 bunc
624 3952 740 3992 erucem
760 3933 813 4009 qui
832 3952 886 4010 per
905 3933 1050 3991 virtutem
1063 3936 1172 3989 sanctie
1186 3930 1279 3988 crucis
1293 3936 1352 3985 tuae

155 4031 300 4088 mundum
326 4050 345 4089 e
370 4037 518 4107 potestate
544 4031 711 4089 daemouum
738 4030 880 4104 liberasti,
908 4036 939 4088 et
965 4029 1116 4088 sanctifica
1141 4029 1225 4085 illem
1252 4034 1288 4084 ut
1314 4028 1354 4083 sit

153 4126 281 4185 inimicis
294 4128 355 4185 tuis
369 4128 553 4185 obstaculum
566 4134 597 4185 et
607 4129 640 4185 in
649 4134 680 4185 te
689 4127 877 4186 erodentibus
889 4133 1068 4204 perpetuum
1081 4125 1186 4184 salutis
1199 4123 1352 4194 vexillum,

157 4223 294 4283 Salvator
306 4223 420 4295 mundi,
436 4225 577 4294 Quicum
590 4224 656 4282 Deo
670 4224 876 4284 Patre—MS.
898 4221 997 4304 York.]

218 4320 355 4392 Benedic‚
367 4319 504 4393 Domine,
514 4319 591 4378 hunc
603 4340 719 4380 erucem
733 4327 817 4380 tuem
838 4340 898 4399 que
921 4320 1059 4398 eripuisti
1072 4319 1217 4377 mundum
1231 4338 1249 4375 a
1262 4323 1355 4395 potes-
