<?xml version="1.0" encoding="UTF-8"?>
<!DOCTYPE html PUBLIC "-//W3C//DTD XHTML 1.0 Transitional//EN"
    "http://www.w3.org/TR/xhtml1/DTD/xhtml1-transitional.dtd">
<html xmlns="http://www.w3.org/1999/xhtml" xml:lang="en" lang="en">
 <head>
  <title>
</title>
<meta http-equiv="Content-Type" content="text/html;charset=utf-8" />
  <meta name='ocr-system' content='tesseract 3.04.00' />
  <meta name='ocr-capabilities' content='ocr_page ocr_carea ocr_par ocr_line ocrx_word'/>
</head>
<body>
  <div class='ocr_page' id='page_1' title='image "./manualeetproces00minsgoog_0047.png"; bbox 0 0 3022 4966; ppageno 0'>
   <div class='ocr_carea' id='block_1_1' title="bbox 583 311 924 380">
    <p class='ocr_par' dir='ltr' id='par_1_1' title="bbox 583 311 924 380">
     <span class='ocr_line' id='line_1_1' title="bbox 583 311 924 380; baseline 0.003 -3"><span class='ocrx_word' id='word_1_1' title='bbox 583 311 777 380; x_wconf 67' lang='lat' dir='ltr'><strong>semeiae</strong></span> <span class='ocrx_word' id='word_1_2' title='bbox 795 311 924 379; x_wconf 69' lang='lat' dir='ltr'><strong>Fontis.</strong></span> 
     </span>
    </p>
   </div>
   <div class='ocr_carea' id='block_1_2' title="bbox 348 491 1368 1631">
    <p class='ocr_par' dir='ltr' id='par_1_2' title="bbox 350 491 1368 667">
     <span class='ocr_line' id='line_1_2' title="bbox 350 491 1368 570; baseline -0.004 -18"><span class='ocrx_word' id='word_1_3' title='bbox 350 493 398 552; x_wconf 87' lang='lat' dir='ltr'><strong>Ut</strong></span> <span class='ocrx_word' id='word_1_4' title='bbox 420 500 561 552; x_wconf 83' lang='lat' dir='ltr'><strong>cunctum</strong></span> <span class='ocrx_word' id='word_1_5' title='bbox 584 493 729 569; x_wconf 88' lang='lat' dir='ltr'><strong>populum</strong></span> <span class='ocrx_word' id='word_1_6' title='bbox 753 491 969 565; x_wconf 79' lang='lat' dir='ltr'><strong>Christianum,</strong></span> <span class='ocrx_word' id='word_1_7' title='bbox 990 492 1120 569; x_wconf 79' lang='lat' dir='ltr'><strong>pretioso</strong></span> <span class='ocrx_word' id='word_1_8' title='bbox 1141 491 1289 570; x_wconf 79' lang='lat' dir='ltr'><strong>sanguine</strong></span> <span class='ocrx_word' id='word_1_9' title='bbox 1311 496 1368 548; x_wconf 89' lang='lat' dir='ltr'><strong>tuo</strong></span> 
     </span>
     <span class='ocr_line' id='line_1_3' title="bbox 432 588 1197 667; baseline -0.001 -20"><span class='ocrx_word' id='word_1_10' title='bbox 432 590 629 665; x_wconf 88' lang='lat' dir='ltr'><strong>redemptum,</strong></span> <span class='ocrx_word' id='word_1_11' title='bbox 644 607 817 647; x_wconf 83' lang='lat' dir='ltr'><strong>conservare</strong></span> <span class='ocrx_word' id='word_1_12' title='bbox 831 588 963 667; x_wconf 84' lang='lat' dir='ltr'><strong>digneris</strong></span> <span class='ocrx_word' id='word_1_13' title='bbox 977 609 985 648; x_wconf 75' lang='grc' dir='ltr'>ι</span> <span class='ocrx_word' id='word_1_14' title='bbox 1005 593 1036 646; x_wconf 83' lang='lat' dir='ltr'><strong>te</strong></span> <span class='ocrx_word' id='word_1_15' title='bbox 1050 607 1197 664; x_wconf 88' lang='lat' dir='ltr'><strong>rogamus.</strong></span> 
     </span>
    </p>

    <p class='ocr_par' dir='ltr' id='par_1_3' title="bbox 352 685 1367 862">
     <span class='ocr_line' id='line_1_4' title="bbox 352 685 1367 762; baseline -0.003 -17"><span class='ocrx_word' id='word_1_16' title='bbox 352 687 399 746; x_wconf 92' lang='lat' dir='ltr'><strong>Ut</strong></span> <span class='ocrx_word' id='word_1_17' title='bbox 428 687 461 744; x_wconf 89' lang='lat' dir='ltr'><strong>in</strong></span> <span class='ocrx_word' id='word_1_18' title='bbox 490 686 611 744; x_wconf 81' lang='lat' dir='ltr'><strong>Christo</strong></span> <span class='ocrx_word' id='word_1_19' title='bbox 634 686 748 743; x_wconf 87' lang='lat' dir='ltr'><strong>renatis</strong></span> <span class='ocrx_word' id='word_1_20' title='bbox 781 686 985 744; x_wconf 78' lang='lat' dir='ltr'>remissionem</span> <span class='ocrx_word' id='word_1_21' title='bbox 1013 685 1148 744; x_wconf 89' lang='lat' dir='ltr'><strong>omnium</strong></span> <span class='ocrx_word' id='word_1_22' title='bbox 1173 691 1367 762; x_wconf 84' lang='lat' dir='ltr'><strong>peooatorum</strong></span> 
     </span>
     <span class='ocr_line' id='line_1_5' title="bbox 432 784 919 862; baseline 0 -20"><span class='ocrx_word' id='word_1_23' title='bbox 432 785 542 842; x_wconf 90' lang='lat' dir='ltr'><strong>donare</strong></span> <span class='ocrx_word' id='word_1_24' title='bbox 556 784 687 862; x_wconf 89' lang='lat' dir='ltr'><strong>digneris</strong></span> <span class='ocrx_word' id='word_1_25' title='bbox 701 805 707 842; x_wconf 91' lang='lat'><strong>:</strong></span> <span class='ocrx_word' id='word_1_26' title='bbox 728 789 760 842; x_wconf 88' lang='lat' dir='ltr'><strong>te</strong></span> <span class='ocrx_word' id='word_1_27' title='bbox 774 804 919 861; x_wconf 77' lang='lat' dir='ltr'><strong>rogamus.</strong></span> 
     </span>
    </p>

    <p class='ocr_par' dir='ltr' id='par_1_4' title="bbox 352 880 1176 958">
     <span class='ocr_line' id='line_1_6' title="bbox 352 880 1176 958; baseline -0.001 -19"><span class='ocrx_word' id='word_1_28' title='bbox 352 880 400 939; x_wconf 84' lang='lat' dir='ltr'><strong>Ut</strong></span> <span class='ocrx_word' id='word_1_29' title='bbox 413 899 467 938; x_wconf 89' lang='lat' dir='ltr'><strong>nos</strong></span> <span class='ocrx_word' id='word_1_30' title='bbox 481 881 569 938; x_wconf 93' lang='lat' dir='ltr'><strong>hodie</strong></span> <span class='ocrx_word' id='word_1_31' title='bbox 582 881 646 939; x_wconf 89' lang='lat' dir='ltr'><strong>sine</strong></span> <span class='ocrx_word' id='word_1_32' title='bbox 659 887 778 957; x_wconf 82' lang='lat' dir='ltr'><strong>peceato</strong></span> <span class='ocrx_word' id='word_1_33' title='bbox 792 881 941 938; x_wconf 85' lang='lat' dir='ltr'><strong>custodias</strong></span> <span class='ocrx_word' id='word_1_34' title='bbox 956 901 963 938; x_wconf 91' lang='lat'><strong>:</strong></span> <span class='ocrx_word' id='word_1_35' title='bbox 986 885 1017 938; x_wconf 83' lang='lat' dir='ltr'><strong>te</strong></span> <span class='ocrx_word' id='word_1_36' title='bbox 1030 899 1176 958; x_wconf 84' lang='lat' dir='ltr'><strong>rogamus.</strong></span> 
     </span>
    </p>

    <p class='ocr_par' dir='ltr' id='par_1_5' title="bbox 350 977 1000 1053">
     <span class='ocr_line' id='line_1_7' title="bbox 350 977 1000 1053; baseline 0.002 -17"><span class='ocrx_word' id='word_1_37' title='bbox 350 977 398 1036; x_wconf 85' lang='lat' dir='ltr'><strong>Ut</strong></span> <span class='ocrx_word' id='word_1_38' title='bbox 411 997 465 1035; x_wconf 91' lang='lat' dir='ltr'><strong>nos</strong></span> <span class='ocrx_word' id='word_1_39' title='bbox 479 978 622 1035; x_wconf 87' lang='lat' dir='ltr'><strong>exaudire</strong></span> <span class='ocrx_word' id='word_1_40' title='bbox 636 977 767 1053; x_wconf 87' lang='lat' dir='ltr'><strong>digneris</strong></span> <span class='ocrx_word' id='word_1_41' title='bbox 781 998 787 1037; x_wconf 94' lang='lat'><strong>:</strong></span> <span class='ocrx_word' id='word_1_42' title='bbox 812 983 840 1035; x_wconf 86' lang='lat' dir='ltr'><strong>te</strong></span> <span class='ocrx_word' id='word_1_43' title='bbox 854 995 1000 1053; x_wconf 73' lang='lat' dir='ltr'><strong>rogamus</strong></span> 
     </span>
    </p>

    <p class='ocr_par' dir='ltr' id='par_1_6' title="bbox 353 1072 871 1149">
     <span class='ocr_line' id='line_1_8' title="bbox 353 1072 871 1149; baseline 0 -19"><span class='ocrx_word' id='word_1_44' title='bbox 353 1072 413 1130; x_wconf 80' lang='lat' dir='ltr'><strong>Fili</strong></span> <span class='ocrx_word' id='word_1_45' title='bbox 429 1073 508 1130; x_wconf 91' lang='lat' dir='ltr'><strong>Dei:</strong></span> <span class='ocrx_word' id='word_1_46' title='bbox 529 1079 560 1130; x_wconf 88' lang='lat' dir='ltr'><strong>te</strong></span> <span class='ocrx_word' id='word_1_47' title='bbox 575 1092 713 1149; x_wconf 80' lang='lat' dir='ltr'><strong>rogamus</strong></span> <span class='ocrx_word' id='word_1_48' title='bbox 727 1073 798 1130; x_wconf 89' lang='lat' dir='ltr'><strong>audi</strong></span> <span class='ocrx_word' id='word_1_49' title='bbox 809 1092 871 1130; x_wconf 90' lang='lat' dir='ltr'><strong>nos.</strong></span> 
     </span>
    </p>

    <p class='ocr_par' dir='ltr' id='par_1_7' title="bbox 349 1168 1344 1246">
     <span class='ocr_line' id='line_1_9' title="bbox 349 1168 1344 1246; baseline 0.002 -20"><span class='ocrx_word' id='word_1_50' title='bbox 349 1170 457 1246; x_wconf 89' lang='lat' dir='ltr'><strong>Agnus</strong></span> <span class='ocrx_word' id='word_1_51' title='bbox 472 1169 539 1242; x_wconf 86' lang='lat' dir='ltr'><strong>Dei,</strong></span> <span class='ocrx_word' id='word_1_52' title='bbox 554 1170 607 1245; x_wconf 90' lang='lat' dir='ltr'><strong>qui</strong></span> <span class='ocrx_word' id='word_1_53' title='bbox 620 1170 701 1227; x_wconf 87' lang='lat' dir='ltr'><strong>tollis</strong></span> <span class='ocrx_word' id='word_1_54' title='bbox 715 1176 835 1245; x_wconf 84' lang='lat' dir='ltr'><strong>peccata</strong></span> <span class='ocrx_word' id='word_1_55' title='bbox 848 1169 970 1228; x_wconf 88' lang='lat' dir='ltr'><strong>mundi:</strong></span> <span class='ocrx_word' id='word_1_56' title='bbox 991 1188 1077 1246; x_wconf 82' lang='lat' dir='ltr'><strong>parce</strong></span> <span class='ocrx_word' id='word_1_57' title='bbox 1091 1168 1185 1241; x_wconf 86' lang='lat' dir='ltr'><strong>nobis,</strong></span> <span class='ocrx_word' id='word_1_58' title='bbox 1201 1168 1344 1228; x_wconf 85' lang='lat' dir='ltr'><strong>Domine.</strong></span> 
     </span>
    </p>

    <p class='ocr_par' dir='ltr' id='par_1_8' title="bbox 348 1264 1343 1342">
     <span class='ocr_line' id='line_1_10' title="bbox 348 1264 1343 1342; baseline 0.001 -20"><span class='ocrx_word' id='word_1_59' title='bbox 348 1264 454 1342; x_wconf 86' lang='lat' dir='ltr'><strong>Agnus</strong></span> <span class='ocrx_word' id='word_1_60' title='bbox 473 1265 540 1338; x_wconf 87' lang='lat' dir='ltr'><strong>Dei,</strong></span> <span class='ocrx_word' id='word_1_61' title='bbox 556 1265 609 1340; x_wconf 93' lang='lat' dir='ltr'><strong>qui</strong></span> <span class='ocrx_word' id='word_1_62' title='bbox 622 1265 704 1322; x_wconf 90' lang='lat' dir='ltr'><strong>tollis</strong></span> <span class='ocrx_word' id='word_1_63' title='bbox 720 1273 840 1341; x_wconf 86' lang='lat' dir='ltr'><strong>peooata</strong></span> <span class='ocrx_word' id='word_1_64' title='bbox 853 1265 959 1323; x_wconf 88' lang='lat' dir='ltr'><strong>mundi</strong></span> <span class='ocrx_word' id='word_1_65' title='bbox 972 1286 978 1323; x_wconf 94' lang='lat'><strong>:</strong></span> <span class='ocrx_word' id='word_1_66' title='bbox 999 1266 1109 1323; x_wconf 85' lang='lat' dir='ltr'><strong>exaudi</strong></span> <span class='ocrx_word' id='word_1_67' title='bbox 1121 1284 1185 1338; x_wconf 88' lang='lat' dir='ltr'><strong>nos,</strong></span> <span class='ocrx_word' id='word_1_68' title='bbox 1199 1264 1343 1324; x_wconf 89' lang='lat' dir='ltr'><strong>Domine.</strong></span> 
     </span>
    </p>

    <p class='ocr_par' dir='ltr' id='par_1_9' title="bbox 348 1360 1244 1438">
     <span class='ocr_line' id='line_1_11' title="bbox 348 1360 1244 1438; baseline 0 -20"><span class='ocrx_word' id='word_1_69' title='bbox 348 1360 455 1438; x_wconf 85' lang='lat' dir='ltr'><strong>Agnus</strong></span> <span class='ocrx_word' id='word_1_70' title='bbox 470 1361 537 1432; x_wconf 88' lang='lat' dir='ltr'><strong>Dei,</strong></span> <span class='ocrx_word' id='word_1_71' title='bbox 552 1361 606 1437; x_wconf 91' lang='lat' dir='ltr'><strong>qui</strong></span> <span class='ocrx_word' id='word_1_72' title='bbox 625 1361 706 1418; x_wconf 88' lang='lat' dir='ltr'><strong>tollis</strong></span> <span class='ocrx_word' id='word_1_73' title='bbox 720 1369 840 1438; x_wconf 80' lang='lat' dir='ltr'><strong>peecata</strong></span> <span class='ocrx_word' id='word_1_74' title='bbox 853 1362 976 1420; x_wconf 87' lang='lat' dir='ltr'><strong>mundi:</strong></span> <span class='ocrx_word' id='word_1_75' title='bbox 997 1361 1136 1420; x_wconf 87' lang='lat' dir='ltr'><strong>miserere</strong></span> <span class='ocrx_word' id='word_1_76' title='bbox 1149 1360 1244 1419; x_wconf 87' lang='lat' dir='ltr'><strong>nobie.</strong></span> 
     </span>
    </p>

    <p class='ocr_par' dir='ltr' id='par_1_10' title="bbox 352 1458 629 1516">
     <span class='ocr_line' id='line_1_12' title="bbox 352 1458 629 1516; baseline -0.004 0"><span class='ocrx_word' id='word_1_77' title='bbox 352 1458 470 1516; x_wconf 75' lang='lat' dir='ltr'><strong>Christe</strong></span> <span class='ocrx_word' id='word_1_78' title='bbox 484 1458 554 1514; x_wconf 92' lang='lat' dir='ltr'><strong>audi</strong></span> <span class='ocrx_word' id='word_1_79' title='bbox 568 1477 629 1515; x_wconf 87' lang='lat' dir='ltr'><strong>nos.</strong></span> 
     </span>
    </p>

    <p class='ocr_par' dir='ltr' id='par_1_11' title="bbox 351 1554 1174 1631">
     <span class='ocr_line' id='line_1_13' title="bbox 351 1554 1174 1631; baseline 0.001 -20"><span class='ocrx_word' id='word_1_80' title='bbox 351 1554 449 1631; x_wconf 84' lang='lat' dir='ltr'><strong>Kyrie</strong></span> <span class='ocrx_word' id='word_1_81' title='bbox 462 1555 590 1631; x_wconf 78' lang='lat' dir='ltr'><strong>eleyson.</strong></span> <span class='ocrx_word' id='word_1_82' title='bbox 634 1554 752 1613; x_wconf 83' lang='lat' dir='ltr'><strong>Christe</strong></span> <span class='ocrx_word' id='word_1_83' title='bbox 766 1555 893 1631; x_wconf 81' lang='lat' dir='ltr'><strong>eleysom</strong></span> <span class='ocrx_word' id='word_1_84' title='bbox 936 1554 1035 1631; x_wconf 83' lang='lat' dir='ltr'><strong>Kyrio</strong></span> <span class='ocrx_word' id='word_1_85' title='bbox 1048 1555 1174 1631; x_wconf 80' lang='lat' dir='ltr'><strong>eleyson</strong></span> 
     </span>
    </p>
   </div>
   <div class='ocr_carea' id='block_1_3' title="bbox 140 1731 1369 4028">
    <p class='ocr_par' dir='ltr' id='par_1_12' title="bbox 147 1731 1368 1886">
     <span class='ocr_line' id='line_1_14' title="bbox 210 1731 1368 1807; baseline 0.003 -16"><span class='ocrx_word' id='word_1_86' title='bbox 210 1735 318 1792; x_wconf 75' lang='lat' dir='ltr'><strong>Finita</strong></span> <span class='ocrx_word' id='word_1_87' title='bbox 328 1733 453 1790; x_wconf 72' lang='lat' dir='ltr'><strong>Bitunia</strong></span> <span class='ocrx_word' id='word_1_88' title='bbox 466 1742 518 1790; x_wconf 75' lang='lat' dir='ltr'><strong>stet</strong></span> <span class='ocrx_word' id='word_1_89' title='bbox 528 1732 669 1791; x_wconf 74' lang='lat' dir='ltr'><strong>Sacerdos</strong></span> <span class='ocrx_word' id='word_1_90' title='bbox 679 1752 778 1790; x_wconf 81' lang='lat' dir='ltr'><strong>versus</strong></span> <span class='ocrx_word' id='word_1_91' title='bbox 792 1733 833 1789; x_wconf 83' lang='lat' dir='ltr'><strong>ad</strong></span> <span class='ocrx_word' id='word_1_92' title='bbox 846 1732 994 1804; x_wconf 78' lang='lat' dir='ltr'><strong><em>orientem,</em></strong></span> <span class='ocrx_word' id='word_1_93' title='bbox 1006 1733 1079 1790; x_wconf 80' lang='lat' dir='ltr'><strong>dum</strong></span> <span class='ocrx_word' id='word_1_94' title='bbox 1093 1731 1235 1791; x_wconf 70' lang='lat' dir='ltr'><strong><em>benedicit</em></strong></span> <span class='ocrx_word' id='word_1_95' title='bbox 1242 1731 1368 1807; x_wconf 79' lang='lat' dir='ltr'><strong>sontem</strong></span> 
     </span>
     <span class='ocr_line' id='line_1_15' title="bbox 147 1824 1043 1886; baseline -0.003 0"><span class='ocrx_word' id='word_1_96' title='bbox 147 1826 219 1886; x_wconf 70' lang='lat' dir='ltr'><strong>*too</strong></span> <span class='ocrx_word' id='word_1_97' title='bbox 233 1824 339 1885; x_wconf 70' lang='lat' dir='ltr'><strong>niodo*</strong></span> <span class='ocrx_word' id='word_1_98' title='bbox 352 1825 469 1882; x_wconf 69' lang='lat' dir='ltr'><strong>disens:</strong></span> <span class='ocrx_word' id='word_1_99' title='bbox 1039 1850 1043 1858; x_wconf 92' lang='lat'>·</span> 
     </span>
    </p>

    <p class='ocr_par' dir='ltr' id='par_1_13' title="bbox 209 1921 719 1980">
     <span class='ocr_line' id='line_1_16' title="bbox 209 1921 719 1980; baseline -0.002 -1"><span class='ocrx_word' id='word_1_100' title='bbox 209 1922 359 1980; x_wconf 86' lang='lat' dir='ltr'><strong>Dominus</strong></span> <span class='ocrx_word' id='word_1_101' title='bbox 372 1921 532 1978; x_wconf 84' lang='lat' dir='ltr'><strong>vobiscum</strong></span> <span class='ocrx_word' id='word_1_102' title='bbox 584 1921 719 1979; x_wconf 86' lang='lat' dir='ltr'><strong>Oremus.</strong></span> 
     </span>
    </p>

    <p class='ocr_par' dir='ltr' id='par_1_14' title="bbox 142 2015 1369 2579">
     <span class='ocr_line' id='line_1_17' title="bbox 207 2015 1368 2094; baseline 0.002 -17"><span class='ocrx_word' id='word_1_103' title='bbox 207 2017 404 2094; x_wconf 78' lang='lat' dir='ltr'><strong>Omnipotens</strong></span> <span class='ocrx_word' id='word_1_104' title='bbox 424 2017 602 2092; x_wconf 78' lang='lat' dir='ltr'><strong>sempiterne</strong></span> <span class='ocrx_word' id='word_1_105' title='bbox 617 2015 708 2087; x_wconf 90' lang='lat' dir='ltr'><strong>Deus,</strong></span> <span class='ocrx_word' id='word_1_106' title='bbox 724 2016 825 2073; x_wconf 84' lang='lat' dir='ltr'><strong>adesto</strong></span> <span class='ocrx_word' id='word_1_107' title='bbox 841 2035 953 2092; x_wconf 86' lang='lat' dir='ltr'><strong>magnae</strong></span> <span class='ocrx_word' id='word_1_108' title='bbox 967 2015 1090 2092; x_wconf 82' lang='lat' dir='ltr'><strong>pietatis</strong></span> <span class='ocrx_word' id='word_1_109' title='bbox 1110 2021 1171 2074; x_wconf 75' lang='lat' dir='ltr'><strong>tute</strong></span> <span class='ocrx_word' id='word_1_110' title='bbox 1185 2021 1368 2094; x_wconf 73' lang='lat' dir='ltr'><strong>mysteriis,</strong></span> 
     </span>
     <span class='ocr_line' id='line_1_18' title="bbox 143 2112 1369 2195; baseline 0.002 -21"><span class='ocrx_word' id='word_1_111' title='bbox 143 2115 248 2174; x_wconf 82' lang='lat' dir='ltr'><strong>adesto</strong></span> <span class='ocrx_word' id='word_1_112' title='bbox 268 2114 461 2172; x_wconf 86' lang='lat' dir='ltr'><strong>sacramentis</strong></span> <span class='ocrx_word' id='word_1_113' title='bbox 472 2133 481 2186; x_wconf 82' lang='lat'><em>3</em></span> <span class='ocrx_word' id='word_1_114' title='bbox 509 2120 540 2171; x_wconf 88' lang='lat' dir='ltr'><strong>et</strong></span> <span class='ocrx_word' id='word_1_115' title='bbox 560 2114 599 2171; x_wconf 89' lang='lat' dir='ltr'><strong>ad</strong></span> <span class='ocrx_word' id='word_1_116' title='bbox 616 2113 757 2171; x_wconf 88' lang='lat' dir='ltr'><strong>creandos</strong></span> <span class='ocrx_word' id='word_1_117' title='bbox 777 2133 870 2171; x_wconf 86' lang='lat' dir='ltr'><strong>novos</strong></span> <span class='ocrx_word' id='word_1_118' title='bbox 891 2112 1016 2189; x_wconf 87' lang='lat' dir='ltr'><strong>populos</strong></span> <span class='ocrx_word' id='word_1_119' title='bbox 1035 2133 1110 2189; x_wconf 88' lang='lat' dir='ltr'><strong>quos</strong></span> <span class='ocrx_word' id='word_1_120' title='bbox 1130 2114 1188 2171; x_wconf 90' lang='lat' dir='ltr'><strong>tibi</strong></span> <span class='ocrx_word' id='word_1_121' title='bbox 1206 2115 1277 2174; x_wconf 84' lang='lat' dir='ltr'><strong>fons</strong></span> <span class='ocrx_word' id='word_1_122' title='bbox 1296 2118 1369 2195; x_wconf 77' lang='lat' dir='ltr'><strong>bap</strong></span> 
     </span>
     <span class='ocr_line' id='line_1_19' title="bbox 145 2211 1368 2289; baseline 0.002 -16"><span class='ocrx_word' id='word_1_123' title='bbox 145 2213 273 2273; x_wconf 83' lang='lat' dir='ltr'><strong>tismatis</strong></span> <span class='ocrx_word' id='word_1_124' title='bbox 287 2212 426 2289; x_wconf 88' lang='lat' dir='ltr'><strong>parturit,</strong></span> <span class='ocrx_word' id='word_1_125' title='bbox 442 2212 583 2287; x_wconf 91' lang='lat' dir='ltr'><strong>spiritum</strong></span> <span class='ocrx_word' id='word_1_126' title='bbox 597 2211 765 2286; x_wconf 88' lang='lat' dir='ltr'><strong>adoptionis</strong></span> <span class='ocrx_word' id='word_1_127' title='bbox 780 2211 905 2283; x_wconf 86' lang='lat' dir='ltr'><strong>emitte;</strong></span> <span class='ocrx_word' id='word_1_128' title='bbox 924 2216 959 2267; x_wconf 93' lang='lat' dir='ltr'><strong>ut</strong></span> <span class='ocrx_word' id='word_1_129' title='bbox 968 2211 1048 2286; x_wconf 88' lang='lat' dir='ltr'><strong>qnod</strong></span> <span class='ocrx_word' id='word_1_130' title='bbox 1056 2211 1241 2270; x_wconf 87' lang='lat' dir='ltr'><strong>humilitatis</strong></span> <span class='ocrx_word' id='word_1_131' title='bbox 1250 2223 1368 2275; x_wconf 68' lang='lat' dir='ltr'><strong>nostrae</strong></span> 
     </span>
     <span class='ocr_line' id='line_1_20' title="bbox 143 2308 1367 2389; baseline 0.002 -19"><span class='ocrx_word' id='word_1_132' title='bbox 143 2312 307 2389; x_wconf 88' lang='lat' dir='ltr'><strong>gerendum</strong></span> <span class='ocrx_word' id='word_1_133' title='bbox 324 2330 355 2368; x_wconf 90' lang='lat' dir='ltr'><strong>es</strong></span> <span class='ocrx_word' id='word_1_134' title='bbox 373 2308 549 2381; x_wconf 89' lang='lat' dir='ltr'><strong>ministerio,</strong></span> <span class='ocrx_word' id='word_1_135' title='bbox 564 2314 624 2365; x_wconf 78' lang='lat' dir='ltr'><strong>tua</strong></span> <span class='ocrx_word' id='word_1_136' title='bbox 644 2308 767 2365; x_wconf 80' lang='lat' dir='ltr'><strong>virtutis</strong></span> <span class='ocrx_word' id='word_1_137' title='bbox 785 2308 945 2383; x_wconf 72' lang='lat' dir='ltr'><strong>impleatur</strong></span> <span class='ocrx_word' id='word_1_138' title='bbox 962 2309 1077 2367; x_wconf 84' lang='lat' dir='ltr'><strong>effectu.</strong></span> <span class='ocrx_word' id='word_1_139' title='bbox 1120 2309 1180 2366; x_wconf 89' lang='lat' dir='ltr'><strong>Per</strong></span> <span class='ocrx_word' id='word_1_140' title='bbox 1193 2310 1367 2372; x_wconf 88' lang='lat' dir='ltr'><strong>Dominum</strong></span> 
     </span>
     <span class='ocr_line' id='line_1_21' title="bbox 145 2404 1366 2485; baseline 0.002 -20"><span class='ocrx_word' id='word_1_141' title='bbox 145 2415 290 2479; x_wconf 88' lang='lat' dir='ltr'><strong>nostrum,</strong></span> <span class='ocrx_word' id='word_1_142' title='bbox 312 2407 418 2466; x_wconf 87' lang='lat' dir='ltr'><strong>Jesum</strong></span> <span class='ocrx_word' id='word_1_143' title='bbox 439 2407 602 2474; x_wconf 79' lang='lat' dir='ltr'><strong>Christum,</strong></span> <span class='ocrx_word' id='word_1_144' title='bbox 617 2404 730 2460; x_wconf 86' lang='lat' dir='ltr'><strong>Filium</strong></span> <span class='ocrx_word' id='word_1_145' title='bbox 751 2412 847 2474; x_wconf 88' lang='lat' dir='ltr'><strong>tuum,</strong></span> <span class='ocrx_word' id='word_1_146' title='bbox 862 2405 916 2480; x_wconf 91' lang='lat' dir='ltr'><strong>qui</strong></span> <span class='ocrx_word' id='word_1_147' title='bbox 935 2411 1035 2462; x_wconf 80' lang='lat' dir='ltr'><strong>tecum</strong></span> <span class='ocrx_word' id='word_1_148' title='bbox 1055 2404 1134 2462; x_wconf 85' lang='lat' dir='ltr'><strong>vivit</strong></span> <span class='ocrx_word' id='word_1_149' title='bbox 1154 2412 1185 2463; x_wconf 90' lang='lat' dir='ltr'><strong>et</strong></span> <span class='ocrx_word' id='word_1_150' title='bbox 1207 2416 1320 2485; x_wconf 87' lang='lat' dir='ltr'><strong>regnat</strong></span> <span class='ocrx_word' id='word_1_151' title='bbox 1333 2411 1366 2467; x_wconf 92' lang='lat' dir='ltr'><strong>in</strong></span> 
     </span>
     <span class='ocr_line' id='line_1_22' title="bbox 142 2501 1124 2579; baseline 0 -19"><span class='ocrx_word' id='word_1_152' title='bbox 142 2505 260 2562; x_wconf 87' lang='lat' dir='ltr'><strong>unitate</strong></span> <span class='ocrx_word' id='word_1_153' title='bbox 274 2503 405 2579; x_wconf 82' lang='lat' dir='ltr'><strong>Spiritus</strong></span> <span class='ocrx_word' id='word_1_154' title='bbox 420 2502 524 2559; x_wconf 79' lang='lat' dir='ltr'><strong>Sancti</strong></span> <span class='ocrx_word' id='word_1_155' title='bbox 539 2501 622 2559; x_wconf 87' lang='lat' dir='ltr'><strong>Deus</strong></span> <span class='ocrx_word' id='word_1_156' title='bbox 636 2520 690 2578; x_wconf 93' lang='lat' dir='ltr'><strong>per</strong></span> <span class='ocrx_word' id='word_1_157' title='bbox 703 2501 804 2558; x_wconf 88' lang='lat' dir='ltr'><strong>omnia</strong></span> <span class='ocrx_word' id='word_1_158' title='bbox 817 2502 925 2559; x_wconf 87' lang='lat' dir='ltr'><strong>saeeula</strong></span> <span class='ocrx_word' id='word_1_159' title='bbox 939 2502 1124 2560; x_wconf 85' lang='lat' dir='ltr'><strong>saeculorum.</strong></span> 
     </span>
    </p>

    <p class='ocr_par' dir='ltr' id='par_1_15' title="bbox 207 2599 531 2660">
     <span class='ocr_line' id='line_1_23' title="bbox 207 2599 531 2660; baseline -0.019 0"><span class='ocrx_word' id='word_1_160' title='bbox 207 2600 355 2660; x_wconf 86' lang='lat' dir='ltr'><strong>Dominus</strong></span> <span class='ocrx_word' id='word_1_161' title='bbox 369 2599 531 2655; x_wconf 84' lang='lat' dir='ltr'><strong>vobiscum.</strong></span> 
     </span>
    </p>

    <p class='ocr_par' dir='ltr' id='par_1_16' title="bbox 207 2694 443 2753">
     <span class='ocr_line' id='line_1_24' title="bbox 207 2694 443 2753; baseline -0.008 0"><span class='ocrx_word' id='word_1_162' title='bbox 207 2697 334 2753; x_wconf 80' lang='lat' dir='ltr'><strong>Sursum</strong></span> <span class='ocrx_word' id='word_1_163' title='bbox 348 2694 443 2751; x_wconf 88' lang='lat' dir='ltr'><strong>corda.</strong></span> 
     </span>
    </p>

    <p class='ocr_par' dir='ltr' id='par_1_17' title="bbox 209 2790 813 2866">
     <span class='ocr_line' id='line_1_25' title="bbox 209 2790 813 2866; baseline -0.002 -16"><span class='ocrx_word' id='word_1_164' title='bbox 209 2791 329 2850; x_wconf 80' lang='lat' dir='ltr'><strong>Gratias</strong></span> <span class='ocrx_word' id='word_1_165' title='bbox 342 2810 463 2866; x_wconf 86' lang='lat' dir='ltr'><strong>agamus</strong></span> <span class='ocrx_word' id='word_1_166' title='bbox 478 2790 609 2847; x_wconf 90' lang='lat' dir='ltr'><strong>Domino</strong></span> <span class='ocrx_word' id='word_1_167' title='bbox 623 2791 688 2848; x_wconf 90' lang='lat' dir='ltr'><strong>Deo</strong></span> <span class='ocrx_word' id='word_1_168' title='bbox 702 2797 813 2849; x_wconf 87' lang='lat' dir='ltr'><strong>nostro.</strong></span> 
     </span>
    </p>

    <p class='ocr_par' dir='ltr' id='par_1_18' title="bbox 140 2888 1366 4028">
     <span class='ocr_line' id='line_1_26' title="bbox 207 2888 1366 2972; baseline 0.009 -28"><span class='ocrx_word' id='word_1_169' title='bbox 207 2889 288 2946; x_wconf 86' lang='lat' dir='ltr'><strong>Vere</strong></span> <span class='ocrx_word' id='word_1_170' title='bbox 309 2888 433 2963; x_wconf 88' lang='lat' dir='ltr'><strong>dignum</strong></span> <span class='ocrx_word' id='word_1_171' title='bbox 452 2893 483 2944; x_wconf 88' lang='lat' dir='ltr'><strong>et</strong></span> <span class='ocrx_word' id='word_1_172' title='bbox 500 2888 618 2963; x_wconf 89' lang='lat' dir='ltr'><strong>justum</strong></span> <span class='ocrx_word' id='word_1_173' title='bbox 641 2895 686 2946; x_wconf 88' lang='lat' dir='ltr'><strong>est</strong></span> <span class='ocrx_word' id='word_1_174' title='bbox 706 2909 824 2965; x_wconf 76' lang='lat' dir='ltr'><strong>aequum</strong></span> <span class='ocrx_word' id='word_1_175' title='bbox 843 2897 873 2947; x_wconf 90' lang='lat' dir='ltr'><strong>et</strong></span> <span class='ocrx_word' id='word_1_176' title='bbox 891 2889 1022 2949; x_wconf 89' lang='lat' dir='ltr'><strong>salutare</strong></span> <span class='ocrx_word' id='word_1_177' title='bbox 1043 2911 1097 2949; x_wconf 89' lang='lat' dir='ltr'><strong>nos</strong></span> <span class='ocrx_word' id='word_1_178' title='bbox 1114 2890 1171 2949; x_wconf 89' lang='lat' dir='ltr'><strong>tibi</strong></span> <span class='ocrx_word' id='word_1_179' title='bbox 1192 2912 1316 2972; x_wconf 89' lang='lat' dir='ltr'><strong>semper</strong></span> <span class='ocrx_word' id='word_1_180' title='bbox 1333 2905 1366 2955; x_wconf 90' lang='lat' dir='ltr'><strong>et</strong></span> 
     </span>
     <span class='ocr_line' id='line_1_27' title="bbox 146 2983 1366 3064; baseline 0.007 -21"><span class='ocrx_word' id='word_1_181' title='bbox 146 2985 258 3060; x_wconf 91' lang='lat' dir='ltr'><strong>ubique</strong></span> <span class='ocrx_word' id='word_1_182' title='bbox 278 2983 387 3059; x_wconf 82' lang='lat' dir='ltr'><strong>gratias</strong></span> <span class='ocrx_word' id='word_1_183' title='bbox 408 3002 502 3060; x_wconf 87' lang='lat' dir='ltr'><strong>agere,</strong></span> <span class='ocrx_word' id='word_1_184' title='bbox 522 2984 660 3056; x_wconf 89' lang='lat' dir='ltr'><strong>Domino,</strong></span> <span class='ocrx_word' id='word_1_185' title='bbox 683 2992 784 3043; x_wconf 86' lang='lat' dir='ltr'><strong>saneto</strong></span> <span class='ocrx_word' id='word_1_186' title='bbox 803 2987 902 3058; x_wconf 88' lang='lat' dir='ltr'><strong>Pater,</strong></span> <span class='ocrx_word' id='word_1_187' title='bbox 918 2988 1104 3064; x_wconf 87' lang='lat' dir='ltr'><strong>omnipotens</strong></span> <span class='ocrx_word' id='word_1_188' title='bbox 1124 2995 1237 3048; x_wconf 84' lang='lat' dir='ltr'><strong>aeterne</strong></span> <span class='ocrx_word' id='word_1_189' title='bbox 1259 2992 1366 3052; x_wconf 87' lang='lat' dir='ltr'><strong>Deus:</strong></span> 
     </span>
     <span class='ocr_line' id='line_1_28' title="bbox 146 3079 1366 3163; baseline 0.007 -25"><span class='ocrx_word' id='word_1_190' title='bbox 146 3081 207 3150; x_wconf 86' lang='lat' dir='ltr'><strong>Qui</strong></span> <span class='ocrx_word' id='word_1_191' title='bbox 233 3079 381 3136; x_wconf 91' lang='lat' dir='ltr'><strong>invisibili</strong></span> <span class='ocrx_word' id='word_1_192' title='bbox 412 3080 547 3154; x_wconf 85' lang='lat' dir='ltr'><strong>potentia</strong></span> <span class='ocrx_word' id='word_1_193' title='bbox 578 3087 830 3137; x_wconf 87' lang='lat' dir='ltr'><strong>sacramentorum</strong></span> <span class='ocrx_word' id='word_1_194' title='bbox 857 3089 978 3140; x_wconf 91' lang='lat' dir='ltr'><strong>tuorum</strong></span> <span class='ocrx_word' id='word_1_195' title='bbox 1013 3084 1193 3142; x_wconf 87' lang='lat' dir='ltr'><strong>mirabiliter</strong></span> <span class='ocrx_word' id='word_1_196' title='bbox 1227 3091 1366 3163; x_wconf 84' lang='lat' dir='ltr'><strong>operaris</strong></span> 
     </span>
     <span class='ocr_line' id='line_1_29' title="bbox 143 3175 1365 3261; baseline 0.007 -27"><span class='ocrx_word' id='word_1_197' title='bbox 143 3177 293 3247; x_wconf 83' lang='lat' dir='ltr'><strong>effectum,</strong></span> <span class='ocrx_word' id='word_1_198' title='bbox 317 3182 348 3232; x_wconf 89' lang='lat' dir='ltr'><strong>et</strong></span> <span class='ocrx_word' id='word_1_199' title='bbox 369 3175 439 3232; x_wconf 87' lang='lat' dir='ltr'><strong>licet</strong></span> <span class='ocrx_word' id='word_1_200' title='bbox 462 3195 516 3233; x_wconf 91' lang='lat' dir='ltr'><strong>nos</strong></span> <span class='ocrx_word' id='word_1_201' title='bbox 539 3177 634 3233; x_wconf 87' lang='lat' dir='ltr'><strong>tantis</strong></span> <span class='ocrx_word' id='word_1_202' title='bbox 658 3178 808 3253; x_wconf 87' lang='lat' dir='ltr'><strong>mysteriis</strong></span> <span class='ocrx_word' id='word_1_203' title='bbox 832 3180 1027 3255; x_wconf 86' lang='lat' dir='ltr'><strong>exsequendis</strong></span> <span class='ocrx_word' id='word_1_204' title='bbox 1051 3181 1143 3238; x_wconf 86' lang='lat' dir='ltr'><strong>simus</strong></span> <span class='ocrx_word' id='word_1_205' title='bbox 1169 3181 1303 3261; x_wconf 87' lang='lat' dir='ltr'><strong>indigni,</strong></span> <span class='ocrx_word' id='word_1_206' title='bbox 1330 3194 1365 3243; x_wconf 88' lang='lat' dir='ltr'><strong>tu</strong></span> 
     </span>
     <span class='ocr_line' id='line_1_30' title="bbox 145 3271 1365 3352; baseline 0.008 -23"><span class='ocrx_word' id='word_1_207' title='bbox 145 3278 247 3329; x_wconf 85' lang='lat' dir='ltr'><strong>tamen</strong></span> <span class='ocrx_word' id='word_1_208' title='bbox 260 3271 364 3348; x_wconf 83' lang='lat' dir='ltr'><strong>gratiae</strong></span> <span class='ocrx_word' id='word_1_209' title='bbox 377 3278 438 3328; x_wconf 83' lang='lat' dir='ltr'><strong>tuae</strong></span> <span class='ocrx_word' id='word_1_210' title='bbox 452 3271 529 3328; x_wconf 89' lang='lat' dir='ltr'><strong>dona</strong></span> <span class='ocrx_word' id='word_1_211' title='bbox 543 3290 603 3328; x_wconf 87' lang='lat' dir='ltr'><strong>non</strong></span> <span class='ocrx_word' id='word_1_212' title='bbox 621 3272 766 3345; x_wconf 86' lang='lat' dir='ltr'><strong>deserens,</strong></span> <span class='ocrx_word' id='word_1_213' title='bbox 787 3274 877 3331; x_wconf 87' lang='lat' dir='ltr'><strong>etiam</strong></span> <span class='ocrx_word' id='word_1_214' title='bbox 895 3275 932 3331; x_wconf 91' lang='lat' dir='ltr'><strong>ad</strong></span> <span class='ocrx_word' id='word_1_215' title='bbox 946 3283 1062 3334; x_wconf 88' lang='lat' dir='ltr'><strong>nostras</strong></span> <span class='ocrx_word' id='word_1_216' title='bbox 1079 3295 1180 3352; x_wconf 88' lang='lat' dir='ltr'><strong>preoes</strong></span> <span class='ocrx_word' id='word_1_217' title='bbox 1196 3296 1291 3338; x_wconf 86' lang='lat' dir='ltr'><strong>aures</strong></span> <span class='ocrx_word' id='word_1_218' title='bbox 1303 3286 1365 3339; x_wconf 72' lang='lat' dir='ltr'><strong>tum</strong></span> 
     </span>
     <span class='ocr_line' id='line_1_31' title="bbox 143 3369 1364 3450; baseline 0.007 -24"><span class='ocrx_word' id='word_1_219' title='bbox 143 3369 265 3447; x_wconf 83' lang='lat' dir='ltr'><strong>pietatis</strong></span> <span class='ocrx_word' id='word_1_220' title='bbox 288 3369 435 3427; x_wconf 87' lang='lat' dir='ltr'><strong>inclinas:</strong></span> <span class='ocrx_word' id='word_1_221' title='bbox 465 3370 557 3440; x_wconf 65' lang='lat' dir='ltr'><strong>Deua</strong></span> <span class='ocrx_word' id='word_1_222' title='bbox 580 3371 665 3445; x_wconf 88' lang='lat' dir='ltr'><strong>cujus</strong></span> <span class='ocrx_word' id='word_1_223' title='bbox 686 3370 816 3445; x_wconf 86' lang='lat' dir='ltr'><strong>Spiritus</strong></span> <span class='ocrx_word' id='word_1_224' title='bbox 837 3391 926 3447; x_wconf 89' lang='lat' dir='ltr'><strong>super</strong></span> <span class='ocrx_word' id='word_1_225' title='bbox 945 3393 1037 3450; x_wconf 89' lang='lat' dir='ltr'><strong>aquas</strong></span> <span class='ocrx_word' id='word_1_226' title='bbox 1060 3373 1141 3431; x_wconf 89' lang='lat' dir='ltr'><strong>inter</strong></span> <span class='ocrx_word' id='word_1_227' title='bbox 1162 3373 1232 3450; x_wconf 85' lang='lat' dir='ltr'><strong>ipsa</strong></span> <span class='ocrx_word' id='word_1_228' title='bbox 1254 3379 1364 3435; x_wconf 88' lang='lat' dir='ltr'><strong>mundi</strong></span> 
     </span>
     <span class='ocr_line' id='line_1_32' title="bbox 143 3464 1363 3547; baseline 0.006 -25"><span class='ocrx_word' id='word_1_229' title='bbox 143 3464 306 3543; x_wconf 88' lang='lat' dir='ltr'><strong>primordia</strong></span> <span class='ocrx_word' id='word_1_230' title='bbox 333 3465 492 3537; x_wconf 82' lang='lat' dir='ltr'><strong>ferebatur,</strong></span> <span class='ocrx_word' id='word_1_231' title='bbox 517 3470 553 3522; x_wconf 89' lang='lat' dir='ltr'><strong>ut</strong></span> <span class='ocrx_word' id='word_1_232' title='bbox 576 3465 641 3540; x_wconf 87' lang='lat' dir='ltr'><strong>jam</strong></span> <span class='ocrx_word' id='word_1_233' title='bbox 667 3471 741 3522; x_wconf 90' lang='lat' dir='ltr'><strong>tuno</strong></span> <span class='ocrx_word' id='word_1_234' title='bbox 768 3466 914 3523; x_wconf 82' lang='lat' dir='ltr'><strong>virtutem</strong></span> <span class='ocrx_word' id='word_1_235' title='bbox 941 3468 1184 3526; x_wconf 87' lang='lat' dir='ltr'><strong>sanctificationis</strong></span> <span class='ocrx_word' id='word_1_236' title='bbox 1210 3488 1363 3547; x_wconf 84' lang='lat' dir='ltr'><strong>aquarum</strong></span> 
     </span>
     <span class='ocr_line' id='line_1_33' title="bbox 143 3561 1364 3641; baseline 0.007 -21"><span class='ocrx_word' id='word_1_237' title='bbox 143 3569 251 3620; x_wconf 88' lang='lat' dir='ltr'><strong>natura</strong></span> <span class='ocrx_word' id='word_1_238' title='bbox 264 3562 452 3637; x_wconf 80' lang='lat' dir='ltr'><strong>conciperet:</strong></span> <span class='ocrx_word' id='word_1_239' title='bbox 476 3561 567 3633; x_wconf 87' lang='lat' dir='ltr'><strong>Deus,</strong></span> <span class='ocrx_word' id='word_1_240' title='bbox 583 3561 636 3637; x_wconf 92' lang='lat' dir='ltr'><strong>qui</strong></span> <span class='ocrx_word' id='word_1_241' title='bbox 650 3562 782 3619; x_wconf 85' lang='lat' dir='ltr'><strong>nocentis</strong></span> <span class='ocrx_word' id='word_1_242' title='bbox 796 3563 900 3619; x_wconf 87' lang='lat' dir='ltr'><strong>mundi</strong></span> <span class='ocrx_word' id='word_1_243' title='bbox 915 3565 1040 3621; x_wconf 84' lang='lat' dir='ltr'><strong>crimina</strong></span> <span class='ocrx_word' id='word_1_244' title='bbox 1054 3584 1107 3641; x_wconf 93' lang='lat' dir='ltr'><strong>per</strong></span> <span class='ocrx_word' id='word_1_245' title='bbox 1123 3584 1217 3641; x_wconf 83' lang='lat' dir='ltr'><strong>aquas</strong></span> <span class='ocrx_word' id='word_1_246' title='bbox 1235 3569 1364 3628; x_wconf 85' lang='lat' dir='ltr'><strong>abluens</strong></span> 
     </span>
     <span class='ocr_line' id='line_1_34' title="bbox 142 3656 1363 3742; baseline 0.006 -26"><span class='ocrx_word' id='word_1_247' title='bbox 142 3658 372 3735; x_wconf 80' lang='lat' dir='ltr'><strong>regenerationis</strong></span> <span class='ocrx_word' id='word_1_248' title='bbox 386 3657 512 3733; x_wconf 88' lang='lat' dir='ltr'><strong>speciem</strong></span> <span class='ocrx_word' id='word_1_249' title='bbox 534 3658 567 3713; x_wconf 92' lang='lat' dir='ltr'><strong>in</strong></span> <span class='ocrx_word' id='word_1_250' title='bbox 590 3656 655 3733; x_wconf 89' lang='lat' dir='ltr'><strong>ipsa</strong></span> <span class='ocrx_word' id='word_1_251' title='bbox 676 3657 785 3714; x_wconf 86' lang='lat' dir='ltr'><strong>diluvii</strong></span> <span class='ocrx_word' id='word_1_252' title='bbox 802 3658 944 3716; x_wconf 83' lang='lat' dir='ltr'><strong>effusione</strong></span> <span class='ocrx_word' id='word_1_253' title='bbox 966 3660 1098 3737; x_wconf 83' lang='lat' dir='ltr'><strong>signasti,</strong></span> <span class='ocrx_word' id='word_1_254' title='bbox 1113 3667 1149 3717; x_wconf 88' lang='lat' dir='ltr'><strong>ut</strong></span> <span class='ocrx_word' id='word_1_255' title='bbox 1170 3661 1267 3721; x_wconf 88' lang='lat' dir='ltr'><strong>unius</strong></span> <span class='ocrx_word' id='word_1_256' title='bbox 1289 3667 1363 3742; x_wconf 77' lang='lat' dir='ltr'><strong>ejus</strong></span> 
     </span>
     <span class='ocr_line' id='line_1_35' title="bbox 140 3751 1362 3831; baseline 0.008 -21"><span class='ocrx_word' id='word_1_257' title='bbox 140 3752 268 3828; x_wconf 86' lang='lat' dir='ltr'><strong>demque</strong></span> <span class='ocrx_word' id='word_1_258' title='bbox 299 3752 441 3809; x_wconf 88' lang='lat' dir='ltr'><strong>elementi</strong></span> <span class='ocrx_word' id='word_1_259' title='bbox 467 3751 609 3828; x_wconf 86' lang='lat' dir='ltr'><strong>mysterio</strong></span> <span class='ocrx_word' id='word_1_260' title='bbox 637 3758 668 3809; x_wconf 91' lang='lat' dir='ltr'><strong>et</strong></span> <span class='ocrx_word' id='word_1_261' title='bbox 695 3753 764 3809; x_wconf 91' lang='lat' dir='ltr'><strong>finis</strong></span> <span class='ocrx_word' id='word_1_262' title='bbox 796 3760 872 3810; x_wconf 84' lang='lat' dir='ltr'><strong>esset</strong></span> <span class='ocrx_word' id='word_1_263' title='bbox 900 3755 983 3811; x_wconf 83' lang='lat' dir='ltr'><strong>vitiis</strong></span> <span class='ocrx_word' id='word_1_264' title='bbox 1005 3761 1035 3812; x_wconf 89' lang='lat' dir='ltr'><strong>et</strong></span> <span class='ocrx_word' id='word_1_265' title='bbox 1059 3755 1141 3831; x_wconf 91' lang='lat' dir='ltr'><strong>origo</strong></span> <span class='ocrx_word' id='word_1_266' title='bbox 1170 3756 1362 3820; x_wconf 82' lang='lat' dir='ltr'><strong>virtutibus:</strong></span> 
     </span>
     <span class='ocr_line' id='line_1_36' title="bbox 143 3847 1362 3934; baseline 0.007 -29"><span class='ocrx_word' id='word_1_267' title='bbox 143 3847 278 3923; x_wconf 80' lang='lat' dir='ltr'><strong>Respice,</strong></span> <span class='ocrx_word' id='word_1_268' title='bbox 294 3848 431 3917; x_wconf 90' lang='lat' dir='ltr'><strong>Domine,</strong></span> <span class='ocrx_word' id='word_1_269' title='bbox 447 3848 480 3904; x_wconf 94' lang='lat' dir='ltr'><strong>in</strong></span> <span class='ocrx_word' id='word_1_270' title='bbox 502 3849 606 3904; x_wconf 76' lang='lat' dir='ltr'><strong>faeiem</strong></span> <span class='ocrx_word' id='word_1_271' title='bbox 629 3848 767 3905; x_wconf 73' lang='lat' dir='ltr'><strong>Ecclesire</strong></span> <span class='ocrx_word' id='word_1_272' title='bbox 789 3856 859 3922; x_wconf 82' lang='lat' dir='ltr'><strong>tuae,</strong></span> <span class='ocrx_word' id='word_1_273' title='bbox 874 3856 905 3907; x_wconf 89' lang='lat' dir='ltr'><strong>et</strong></span> <span class='ocrx_word' id='word_1_274' title='bbox 921 3851 1088 3927; x_wconf 88' lang='lat' dir='ltr'><strong>multiplica</strong></span> <span class='ocrx_word' id='word_1_275' title='bbox 1108 3854 1140 3908; x_wconf 93' lang='lat' dir='ltr'><strong>in</strong></span> <span class='ocrx_word' id='word_1_276' title='bbox 1155 3871 1191 3910; x_wconf 87' lang='lat' dir='ltr'><strong>ea</strong></span> <span class='ocrx_word' id='word_1_277' title='bbox 1204 3872 1362 3934; x_wconf 75' lang='lat' dir='ltr'><strong>regenero·</strong></span> 
     </span>
     <span class='ocr_line' id='line_1_37' title="bbox 144 3943 1360 4028; baseline 0.007 -28"><span class='ocrx_word' id='word_1_278' title='bbox 144 3944 239 4000; x_wconf 87' lang='lat' dir='ltr'><strong>tiones</strong></span> <span class='ocrx_word' id='word_1_279' title='bbox 262 3947 340 4013; x_wconf 87' lang='lat' dir='ltr'><strong>tuas,</strong></span> <span class='ocrx_word' id='word_1_280' title='bbox 363 3943 417 4017; x_wconf 89' lang='lat' dir='ltr'><strong>qui</strong></span> <span class='ocrx_word' id='word_1_281' title='bbox 439 3945 542 4018; x_wconf 86' lang='lat' dir='ltr'><strong>gratiae</strong></span> <span class='ocrx_word' id='word_1_282' title='bbox 565 3951 624 4001; x_wconf 70' lang='lat' dir='ltr'><strong>tuse</strong></span> <span class='ocrx_word' id='word_1_283' title='bbox 649 3946 770 4003; x_wconf 83' lang='lat' dir='ltr'><strong>affluens</strong></span> <span class='ocrx_word' id='word_1_284' title='bbox 792 3946 906 4022; x_wconf 90' lang='lat' dir='ltr'><strong>impetu</strong></span> <span class='ocrx_word' id='word_1_285' title='bbox 931 3947 1061 4006; x_wconf 85' lang='lat' dir='ltr'><strong>laetificas</strong></span> <span class='ocrx_word' id='word_1_286' title='bbox 1082 3948 1241 4010; x_wconf 82' lang='lat' dir='ltr'><strong>civitatem</strong></span> <span class='ocrx_word' id='word_1_287' title='bbox 1266 3961 1360 4028; x_wconf 75' lang='lat' dir='ltr'><strong>tuam,</strong></span> 
     </span>
    </p>
   </div>
   <div class='ocr_carea' id='block_1_4' title="bbox 141 4037 1361 4324">
    <p class='ocr_par' dir='ltr' id='par_1_19' title="bbox 141 4037 1361 4324">
     <span class='ocr_line' id='line_1_38' title="bbox 143 4037 1361 4126; baseline 0.014 -32"><span class='ocrx_word' id='word_1_288' title='bbox 143 4037 316 4111; x_wconf 85' lang='lat' dir='ltr'><strong>fontemque</strong></span> <span class='ocrx_word' id='word_1_289' title='bbox 329 4037 518 4112; x_wconf 84' lang='lat' dir='ltr'><strong>baptismatis</strong></span> <span class='ocrx_word' id='word_1_290' title='bbox 531 4041 628 4115; x_wconf 88' lang='lat' dir='ltr'><strong>aperis</strong></span> <span class='ocrx_word' id='word_1_291' title='bbox 641 4047 705 4097; x_wconf 89' lang='lat' dir='ltr'><strong>toto</strong></span> <span class='ocrx_word' id='word_1_292' title='bbox 717 4043 786 4099; x_wconf 90' lang='lat' dir='ltr'><strong>orbe</strong></span> <span class='ocrx_word' id='word_1_293' title='bbox 800 4049 948 4100; x_wconf 87' lang='lat' dir='ltr'><strong>terrarum</strong></span> <span class='ocrx_word' id='word_1_294' title='bbox 962 4045 1102 4121; x_wconf 87' lang='lat' dir='ltr'><strong>gentibus</strong></span> <span class='ocrx_word' id='word_1_295' title='bbox 1115 4045 1313 4126; x_wconf 86' lang='lat' dir='ltr'><strong>innovandis,</strong></span> <span class='ocrx_word' id='word_1_296' title='bbox 1328 4057 1361 4110; x_wconf 79' lang='lat' dir='ltr'><strong>ut</strong></span> 
     </span>
     <span class='ocr_line' id='line_1_39' title="bbox 143 4133 1360 4217; baseline 0.016 -28"><span class='ocrx_word' id='word_1_297' title='bbox 143 4138 204 4190; x_wconf 85' lang='lat' dir='ltr'><strong>tuoe</strong></span> <span class='ocrx_word' id='word_1_298' title='bbox 215 4133 378 4208; x_wconf 86' lang='lat' dir='ltr'><strong>majestatis</strong></span> <span class='ocrx_word' id='word_1_299' title='bbox 388 4134 512 4209; x_wconf 87' lang='lat' dir='ltr'><strong>imperio</strong></span> <span class='ocrx_word' id='word_1_300' title='bbox 522 4138 787 4213; x_wconf 85' lang='lat' dir='ltr'><strong>sumatUnigeniti</strong></span> <span class='ocrx_word' id='word_1_301' title='bbox 797 4139 842 4196; x_wconf 83' lang='lat' dir='ltr'><strong>tui</strong></span> <span class='ocrx_word' id='word_1_302' title='bbox 853 4141 981 4216; x_wconf 82' lang='lat' dir='ltr'><strong>gratiam</strong></span> <span class='ocrx_word' id='word_1_303' title='bbox 989 4141 1025 4198; x_wconf 90' lang='lat' dir='ltr'><strong>de</strong></span> <span class='ocrx_word' id='word_1_304' title='bbox 1035 4141 1149 4217; x_wconf 89' lang='lat' dir='ltr'><strong>Spiritu</strong></span> <span class='ocrx_word' id='word_1_305' title='bbox 1157 4142 1275 4205; x_wconf 85' lang='lat' dir='ltr'><strong>Sancto</strong></span> <span class='ocrx_word' id='word_1_306' title='bbox 1285 4169 1293 4206; x_wconf 79' lang='grc' dir='ltr'>ι</span> <span class='ocrx_word' id='word_1_307' title='bbox 1303 4149 1360 4207; x_wconf 70' lang='lat' dir='ltr'><strong>Hie</strong></span> 
     </span>
     <span class='ocr_line' id='line_1_40' title="bbox 141 4227 1360 4324; baseline 0.014 -37"><span class='ocrx_word' id='word_1_308' title='bbox 141 4227 299 4288; x_wconf 75' lang='lat' dir='ltr'><strong>dividatur</strong></span> <span class='ocrx_word' id='word_1_309' title='bbox 311 4249 392 4304; x_wconf 78' lang='lat' dir='ltr'><strong>aqua</strong></span> <span class='ocrx_word' id='word_1_310' title='bbox 406 4248 473 4289; x_wconf 81' lang='lat' dir='ltr'><strong>cum</strong></span> <span class='ocrx_word' id='word_1_311' title='bbox 485 4239 579 4289; x_wconf 69' lang='lat' dir='ltr'><strong>maaet</strong></span> <span class='ocrx_word' id='word_1_312' title='bbox 592 4232 626 4288; x_wconf 80' lang='lat' dir='ltr'><strong>in</strong></span> <span class='ocrx_word' id='word_1_313' title='bbox 646 4234 766 4291; x_wconf 79' lang='lat' dir='ltr'><strong>modum</strong></span> <span class='ocrx_word' id='word_1_314' title='bbox 787 4236 888 4294; x_wconf 81' lang='lat' dir='ltr'><strong>oraria</strong></span> <span class='ocrx_word' id='word_1_315' title='bbox 933 4236 994 4306; x_wconf 83' lang='lat' dir='ltr'><strong>Qui</strong></span> <span class='ocrx_word' id='word_1_316' title='bbox 1007 4237 1084 4295; x_wconf 90' lang='lat' dir='ltr'><strong>hano</strong></span> <span class='ocrx_word' id='word_1_317' title='bbox 1097 4257 1208 4314; x_wconf 88' lang='lat' dir='ltr'><strong>aquam</strong></span> <span class='ocrx_word' id='word_1_318' title='bbox 1224 4263 1360 4324; x_wconf 85' lang='lat' dir='ltr'><strong>regener-</strong></span> 
     </span>
    </p>
   </div>
   <div class='ocr_carea' id='block_1_5' title="bbox 480 4378 1012 4429">
    <p class='ocr_par' dir='ltr' id='par_1_20' title="bbox 480 4378 1012 4429">
     <span class='ocr_line' id='line_1_41' title="bbox 480 4378 1012 4429; baseline 0.011 -6"><span class='ocrx_word' id='word_1_319' title='bbox 480 4379 493 4403; x_wconf 83' lang='grc'>·</span> <span class='ocrx_word' id='word_1_320' title='bbox 505 4378 619 4424; x_wconf 76' lang='lat' dir='ltr'><strong>Bodleian</strong></span> <span class='ocrx_word' id='word_1_321' title='bbox 630 4379 730 4425; x_wconf 68' lang='lat' dir='ltr'><strong>its-⁴¹</strong></span> <span class='ocrx_word' id='word_1_322' title='bbox 740 4394 795 4427; x_wconf 87' lang='lat' dir='ltr'><strong>cum</strong></span> <span class='ocrx_word' id='word_1_323' title='bbox 807 4394 876 4427; x_wconf 83' lang='lat' dir='ltr'><strong>cereo</strong></span> <span class='ocrx_word' id='word_1_324' title='bbox 886 4393 989 4429; x_wconf 82' lang='lat' dir='ltr'><strong>aooonm</strong></span> <span class='ocrx_word' id='word_1_325' title='bbox 999 4384 1012 4405; x_wconf 85' lang='lat'><strong>’&#39;</strong></span> 
     </span>
    </p>
   </div>
   <div class='ocr_carea' id='block_1_6' title="bbox 0 0 1516 4966">
    <p class='ocr_par' dir='ltr' id='par_1_21' title="bbox 0 0 1516 4966">
     <span class='ocr_line' id='line_1_42' title="bbox 0 0 1516 4966; baseline 0 1"><span class='ocrx_word' id='word_1_326' title='bbox 0 0 1516 4966; x_wconf 95' lang='lat' dir='ltr'><strong> </strong></span> 
     </span>
    </p>
   </div>
  </div>
 </body>
</html>
