3022 4966
445 290 534 405 ore
554 336 603 404 aa
629 335 852 404 sucessum
872 336 1071 425 refluum.

665 609 852 668 Assonurro.

211 793 286 852 Alia
301 791 461 865 Absolutis,
477 791 505 849 si
522 791 661 866 infirmes
680 809 741 847 noa
760 788 862 847 babeat
879 786 991 846 tultam
1006 786 1204 864 Apostolicum
1222 789 1257 850 de
1269 789 1360 867 plens

91 951 96 957 .
148 890 330 951 ebeobctieae
342 899 370 950 et
383 888 551 949 remissione
559 895 753 963 peecatorum.

213 1004 363 1063 Dominus
375 1003 398 1062 J
398 1022 466 1062 esus
480 1001 625 1075 Christus,
642 1001 695 1077 qui
708 1000 789 1058 dixit
804 1001 892 1058 beato
911 998 1003 1057 Petro
1024 1001 1188 1078 ceterisque
1208 1001 1361 1079 discipulis

146 1103 223 1174 suis,
239 1101 444 1177 Quodcunque
463 1098 628 1176 ligaveritis
648 1117 737 1174 super
757 1103 875 1168 terram,
892 1097 950 1154 erit
969 1097 1095 1174 ligatum
1115 1104 1147 1156 et
1166 1099 1199 1156 in
1212 1099 1292 1157 eaelis
1301 1120 1310 1172 3
1329 1104 1362 1158 et

148 1197 351 1278 quodcunque
364 1194 513 1253 solveritis
525 1213 616 1271 super
627 1200 747 1265 terram,
759 1193 817 1250 erit
831 1192 963 1250 solutum
976 1202 1008 1250 et
1021 1193 1053 1250 in
1067 1193 1163 1267 caelis3
1183 1193 1246 1271 ipse
1256 1200 1297 1266 te,
1306 1194 1359 1267 N,

149 1293 289 1354 absolvat
312 1293 350 1351 ab
372 1292 509 1350 omnibus
535 1291 664 1368 peccatis
690 1291 761 1361 tuis,
783 1309 965 1367 quaeeunque
992 1286 1179 1367 cogitatione,
1201 1291 1359 1365 locutione,

149 1389 333 1469 operatione,
362 1389 547 1466 negligenter
572 1387 677 1465 egisti3
711 1393 802 1462 atque
829 1406 847 1444 a
873 1386 1002 1443 nexibus
1027 1392 1216 1463 peccatorum
1238 1394 1361 1446 tuorum

151 1487 321 1547 absolutum
340 1485 502 1564 perducere
522 1485 666 1561 dignetur
685 1482 723 1540 sd
743 1500 835 1558 regna
855 1481 1000 1540 caelorum.
1045 1483 1105 1553 Qui
1118 1484 1196 1541 vivit
1213 1490 1244 1542 et
1257 1489 1362 1560 regnat

152 1604 220 1644 cum
233 1584 299 1642 Deo
315 1583 403 1642 Patre
416 1584 449 1641 in
463 1581 582 1641 unitate
602 1581 733 1658 Spiritus
754 1579 857 1638 Sancti
877 1578 960 1638 Deus
975 1599 1028 1656 per
1041 1581 1141 1638 omnia
1154 1581 1262 1640 saecula
1274 1601 1362 1641 saecu·

151 1681 257 1741 lorum.
298 1681 408 1739 Amen.

213 1794 323 1854 Oratio.
367 1794 504 1853 Oremus.

211 1891 295 1952 Deus
307 1891 483 1962 misericors,
497 1888 581 1949 Deus
595 1887 731 1960 clemens,
746 1886 800 1963 qui
815 1886 977 1945 secundum
998 1888 1224 1947 multitudinem
1244 1889 1362 1947 misera·

149 1989 266 2048 tionum
279 1995 402 2047 tuarum
415 1993 536 2064 peccate
550 2005 604 2063 per
613 1985 819 2062 paenitentiam
832 1985 920 2057 deles,
932 1994 964 2044 et
973 1987 1192 2062 praeteritorum
1202 1987 1361 2045 eriminum

150 2085 254 2161 culpas
266 2085 355 2143 venia
367 2083 548 2142 remissionis
562 2101 704 2153 evacuas3
725 2081 837 2158 respice
850 2101 940 2158 super
953 2082 1033 2140 hunc
1046 2083 1192 2141 famulum
1206 2090 1294 2140 tuum
1308 2081 1360 2150 N,

150 2188 182 2238 et
196 2181 399 2238 remissionem
412 2179 470 2236 sibi
490 2179 623 2237 omnium
643 2183 832 2254 peccatorum
853 2198 974 2237 suorum
987 2185 1052 2237 tote
1065 2180 1161 2238 cordis
1181 2179 1362 2239 confessione

151 2281 322 2355 poscentem
345 2275 518 2352 deprecatus
539 2274 665 2332 exaudi:
693 2294 804 2332 renova
825 2275 858 2331 in
879 2293 922 2346 eo,
943 2275 1075 2351 piissime
1097 2276 1196 2347 Pater,
1219 2275 1362 2352 quiequid

149 2371 314 2449 fragilitate
335 2377 508 2447 corruptum
527 2370 576 2428 vel
596 2371 739 2447 quiequid
759 2371 904 2428 diabolica
923 2371 1028 2429 fraude
1047 2371 1188 2430 vitiatum
1208 2378 1263 2444 est,
1277 2377 1308 2429 et
1328 2372 1372 2453 in¹

150 2471 270 2528 unitate
291 2469 421 2546 eorporis
443 2468 571 2526 eeclesiae
592 2474 652 2526 tuae
674 2470 840 2526 membrum
864 2475 1002 2546 percepta
1029 2469 1200 2528 remissione
1228 2470 1360 2529 restitue.

151 2567 305 2639 Miserere,
315 2564 453 2638 Domine,
465 2565 631 2642 gemituum
641 2567 715 2641 ejus,
727 2566 865 2624 miserere
879 2566 1078 2639 lacrimarum,
1089 2573 1119 2625 et
1130 2586 1190 2624 non
1204 2567 1363 2625 habentem

150 2664 289 2723 fiduciam
299 2664 358 2722 nisi
368 2664 401 2721 in
411 2671 464 2721 tua
474 2664 678 2722 misericordia
688 2665 725 2722 ad
737 2671 954 2723 sacramentum
968 2667 1215 2725 reconciliationis
1227 2667 1362 2725 admitte.

151 2762 211 2820 Per
224 2761 378 2821 Christum
392 2761 558 2820 Dominum
572 2768 717 2822 nostrum.

211 2875 347 2934 Oremus.
393 2875 504 2934 Oratio.

126 3036 127 3039 Ἴ
213 2973 261 3031 Da
290 2973 385 3044 nobis,
415 2989 594 3049 quaesumus,
617 2970 756 3044 Domine,
786 2973 866 3049 quod
895 2974 973 3032 sicut
996 2976 1147 3051 publicani
1171 2976 1307 3053 precibus
1331 2983 1363 3036 et

148 3072 331 3133 consessione
351 3072 484 3148 placatus
505 3090 545 3143 es,
560 3070 605 3127 ita
618 3077 649 3127 et
665 3070 736 3128 huic
756 3071 868 3129 famulo
888 3078 942 3129 tuo
962 3073 1085 3150 placare,
1102 3075 1239 3148 Domine,
1255 3082 1285 3132 et
1298 3094 1362 3151 pre-

148 3172 233 3230 cibus
254 3171 318 3248 ejus
337 3170 483 3246 benignus
503 3168 602 3245 aspira
611 3189 620 3241 3
641 3176 676 3226 ut
696 3168 728 3226 in
743 3169 924 3229 confessione
944 3171 1037 3230 flebili
1056 3192 1231 3250 permanens
1244 3180 1275 3231 et
1288 3173 1362 3250 peti·

149 3271 233 3328 tione
246 3275 419 3346 perpetuam
433 3267 665 3325 misericordiam
680 3274 764 3325 tuam
780 3269 916 3326 celeriter
929 3276 1041 3342 exoret,
1056 3272 1204 3346 sacrisque
1217 3271 1361 3329 altaribus

147 3366 307 3425 restitutus
320 3363 423 3420 divino
437 3382 539 3420 rursus
552 3362 710 3421 famulatui
721 3364 914 3441 mancipetur.
958 3364 1017 3421 Per
1030 3364 1183 3423 Christum
1198 3366 1361 3424 Dominum

148 3467 295 3520 nostrum.
341 3459 448 3516 Amen.

212 3575 347 3634 Oremus.
392 3572 504 3632 Oratio.
1029 3638 1035 3649 .

211 3671 408 3748 Omnipotens
432 3669 612 3746 sempiterne
637 3669 729 3739 Deus,
755 3668 808 3744 qui
836 3688 889 3745 per
911 3667 1058 3726 Jacobum
1086 3669 1252 3746 apostolum
1273 3676 1361 3731 tuum

148 3770 252 3830 induci
264 3771 451 3848 presbyteros
470 3768 599 3827 ecclesiae
613 3774 644 3824 et
660 3786 772 3843 ungere
793 3766 858 3825 oleo
879 3766 1012 3825 infirmos
1033 3768 1199 3846 praecepisti
1209 3790 1218 3842 3
1242 3777 1360 3848 praesta,

149 3887 327 3946 quaesumus,
343 3873 378 3925 ut
391 3867 522 3944 digneris
541 3886 595 3944 per
614 3884 721 3923 manus
741 3871 858 3922 nostras
871 3864 951 3923 bunc
964 3865 1110 3924 famulum
1123 3873 1211 3925 tuum
1224 3867 1264 3927 N.
1279 3870 1362 3930 infir·

148 3987 232 4028 mum
245 3967 283 4026 de
296 3967 361 4026 oleo
378 3966 561 4024 sanctificato
575 3984 686 4042 ungere
700 3970 731 4022 et
744 3961 973 4045 beneffldicere.
1017 3966 1086 4024 Hoc
1099 3972 1199 4026 autem
1214 3970 1292 4045 quod
1307 3989 1361 4030 nos

147 4065 281 4125 exterius
294 4070 348 4122 tua
362 4064 520 4122 carismata
534 4061 767 4139 complectimur,
779 4062 835 4120 hoc
845 4063 973 4122 interius
985 4063 1182 4141 spiritualiter
1194 4072 1248 4125 tua
1258 4067 1362 4128 divina

149 4166 248 4223 virtus
258 4182 292 4221 ac
302 4162 497 4221 invisibiliter
507 4169 560 4220 tua
570 4161 748 4238 malagmata
758 4166 927 4237 operentur.-
963 4162 1022 4221 Per
1032 4160 1184 4223 Christum
1195 4164 1361 4225 Dominum

149 4269 295 4323 nostrum.
338 4261 448 4319 Amen.
