3022 4966
161 324 203 388 86
538 318 714 405 Exsequias
734 317 987 406 Defrmtamam.

221 502 383 560 Benedicat
402 519 457 559 nos
476 500 569 573 Deus,
584 499 668 558 Deus
688 505 797 572 noster,
812 498 968 558 benedicat
987 517 1042 557 noa
1063 492 1163 556 Deus:
1184 505 1216 556 ct
1229 506 1372 559 metuant

161 619 229 658 cum
243 617 345 657 omnes
358 599 432 656 tinea
445 603 540 655 term.

223 695 371 772 Requiem
384 699 534 752 aeternam.

221 850 402 927 Antiphone.

160 944 1174 1115 Q

219 1142 272 1200 Me
301 1161 413 1200 sus-ce
437 1140 544 1218 --pit
567 1140 751 1200 dex-te-ra
788 1147 896 1213 tu·a,
925 1139 1113 1197 Domi-ne.

220 1311 398 1388 Anapum.

835 1703 1289 1763 E-V-o-v-a-E.

211 1852 351 1911 Prolatus
364 1853 381 1930 (
384 1851 542 1912 Canticum
556 1851 825 1910 Ezechiae-Eram
839 1850 982 1927 mciii)

214 1948 279 2026 Ego
292 1949 373 2007 dixi:
395 1949 434 2006 Ia
448 1948 571 2007 dimidio
586 1949 702 2006 dierum
715 1967 859 2021 meorum,
873 1947 979 2005 vadam
993 1946 1030 2003 ad
1044 1951 1146 2023 portas
1158 1944 1256 2003 inferi.

214 2044 345 2115 Quaesivi
365 2046 516 2105 residuum
536 2065 683 2104 annorum
704 2064 856 2118 meorum;
876 2043 957 2102 dixi:
980 2042 1051 2100 Non
1065 2042 1171 2100 videbo
1192 2040 1362 2102 Dominum

153 2144 253 2201 Deum
266 2143 300 2201 in
313 2149 394 2201 terra
407 2143 585 2203 viventium.

211 2240 282 2298 Non
295 2241 436 2318 aspiciam
449 2240 600 2298 hominem
614 2240 703 2312 ultra,
719 2244 750 2298 et
763 2240 962 2297 habitatorem
976 2238 1097 2314 quictis

211 2337 372 2396 Generatio
386 2358 452 2397 mea
465 2338 565 2397 ablata
578 2345 632 2411 est,
647 2343 679 2396 ct
692 2336 853 2396 convoluta
865 2343 911 2395 eat
924 2357 942 2394 a
955 2356 1012 2408 mc,
1027 2335 1114 2414 quasi
1131 2335 1362 2395 tabernaculum

148 2440 308 2510 pastorum.

209 2536 337 2594 Praecisa
350 2542 404 2608 est,
421 2534 506 2593 velut
518 2555 537 2592 a
550 2540 680 2607 texente,
696 2532 760 2590 vita
780 2551 845 2591 mea
854 2552 863 2605 3
883 2531 956 2590 dum
975 2530 1072 2590 adhuc
1093 2531 1215 2604 ordirer,
1231 2533 1362 2591 succidit

151 2652 216 2691 uie:
238 2633 274 2690 de
288 2652 373 2689 mane
389 2651 481 2705 usquc
495 2631 533 2687 ad
548 2649 700 2706 vesperam
714 2629 799 2687 finies
813 2649 867 2689 nie.

208 2730 368 2806 Sperabam
383 2748 475 2803 usque
490 2729 526 2785 ad
542 2748 636 2800 niano,
653 2729 741 2804 quasi
757 2729 802 2786 leo
816 2730 858 2786 sic
873 2728 1016 2785 contrivit
1030 2727 1130 2786 omnia
1143 2747 1209 2785 ossa
1221 2747 1297 2786 mea.

210 2827 256 2883 Dc
277 2845 363 2883 niane
384 2845 476 2900 usque
490 2825 527 2882 ad
541 2845 692 2902 vesperam
713 2826 798 2884 finies
818 2847 865 2883 me
875 2846 883 2898 ;
912 2826 989 2883 sicut
1010 2825 1110 2903 pullus
1130 2825 1301 2884 hirundinis
1315 2828 1358 2886 sic

150 2921 291 2994 clamabo,
307 2921 473 2979 meditabor
486 2927 520 2978 ut
534 2921 677 2980 columba.

209 3016 373 3074 Attenuati
386 3023 458 3074 sunt
471 3018 549 3075 oculi
563 3018 632 3089 mei,
646 3018 839 3093 suspicientes
853 3015 1057 3096 injexcelsum.

210 3114 347 3185 Domine,
359 3115 421 3172 vim
434 3116 540 3192 patior,
553 3116 696 3193 responde
710 3135 763 3192 pro
777 3135 831 3173 me.
876 3116 955 3185 Quid
966 3115 1071 3185 dicam,
1084 3121 1137 3171 aut
1147 3114 1220 3190 quid
1234 3134 1354 3191 respon·

149 3210 231 3268 debit
244 3212 328 3283 mihi,
345 3233 412 3270 cum
426 3213 488 3290 ipse
502 3213 623 3272 fecerit?

209 3309 391 3387 Recogitabo
404 3312 462 3370 tibi
475 3331 576 3370 omnes
590 3331 683 3370 annos
697 3330 785 3383 meos,
801 3310 833 3368 in
847 3309 1045 3368 amaritudine
1058 3309 1164 3367 animae
1179 3329 1260 3367 meae.

208 3405 345 3480 Domine,
362 3408 387 3465 si
401 3408 442 3466 sic
456 3407 578 3480 vivitur,
594 3414 624 3465 et
642 3407 674 3464 in
697 3406 805 3464 talibus
826 3407 890 3463 vita
911 3406 1034 3482 spiritus
1056 3405 1123 3478 mei,
1139 3406 1278 3482 corripies
1292 3426 1348 3477 mc,

147 3511 177 3560 et
191 3503 355 3563 vivificabis
369 3525 423 3563 mc.
468 3506 544 3564 Ecce
558 3507 590 3563 in
605 3525 675 3583 pace
688 3504 855 3562 amaritudo
869 3524 934 3561 mea
947 3504 1137 3569 amarissima.

207 3601 253 3660 Tu
275 3610 375 3662 autem
397 3604 502 3662 eruisti
529 3605 660 3661 animam
687 3621 791 3673 meam,
816 3607 852 3659 ut
874 3621 934 3659 non
956 3602 1083 3679 periret:
1112 3601 1263 3678 projecisti
1283 3609 1350 3679 post

146 3705 263 3777 tergum
277 3709 362 3759 tuum
378 3702 478 3760 omnia
491 3708 611 3779 peccata
625 3721 697 3758 mm.

206 3799 285 3869 Quia
305 3818 365 3856 non
387 3799 521 3858 infernus
543 3799 733 3858 confitebitur
753 3797 819 3869 tibi,
842 3817 938 3874 neque
960 3817 1038 3854 mors
1059 3796 1195 3854 laudabit
1215 3802 1263 3855 tc:
1289 3816 1348 3855 non

122 3910 126 3915 '
144 3895 353 3972 expectabunt,
368 3898 420 3972 qui
434 3897 616 3955 descendunt
630 3897 664 3953 in
678 3897 783 3969 lacum,
799 3898 956 3954 veritatem
969 3902 1061 3953 tuam.

205 3992 329 4066 Vivens,
345 3993 449 4050 vivens
469 3994 532 4071 ipsc
552 3995 742 4053 confitebitur
763 3995 827 4067 tibi,
843 3995 921 4053 sicut
934 4001 965 4053 et
981 4014 1034 4071 ego
1055 3993 1160 4066 hodic;
1180 3998 1266 4069 pater
1279 3992 1348 4050 filiis

143 4095 246 4147 notam
259 4088 346 4147 fiieiet
360 4089 519 4149 veritatem
532 4099 624 4150 tuam.

203 4184 342 4259 Domine,
363 4185 478 4244 salvum
504 4208 552 4246 me
579 4189 624 4248 fac
636 4210 644 4262 ;
672 4196 703 4248 et
729 4189 857 4266 psalmos
884 4194 1001 4247 nostros
1023 4186 1209 4247 cantabimus
1231 4186 1347 4246 cunctis

142 4281 246 4340 <liebus
259 4281 329 4340 vitae
343 4289 452 4341 nostras
465 4284 498 4342 in
512 4286 598 4344 domo
613 4284 744 4344 Domini.

202 4378 348 4456 Requiem
363 4387 512 4440 aetcrnam.
