<?xml version="1.0" encoding="UTF-8"?>
<!DOCTYPE html PUBLIC "-//W3C//DTD XHTML 1.0 Transitional//EN"
    "http://www.w3.org/TR/xhtml1/DTD/xhtml1-transitional.dtd">
<html xmlns="http://www.w3.org/1999/xhtml" xml:lang="en" lang="en">
 <head>
  <title>
</title>
<meta http-equiv="Content-Type" content="text/html;charset=utf-8" />
  <meta name='ocr-system' content='tesseract 3.04.00' />
  <meta name='ocr-capabilities' content='ocr_page ocr_carea ocr_par ocr_line ocrx_word'/>
</head>
<body>
  <div class='ocr_page' id='page_1' title='image "./manualeetproces00minsgoog_0274.png"; bbox 0 0 2962 4928; ppageno 0'>
   <div class='ocr_carea' id='block_1_1' title="bbox 433 345 1279 417">
    <p class='ocr_par' dir='ltr' id='par_1_1' title="bbox 433 345 1279 417">
     <span class='ocr_line' id='line_1_1' title="bbox 433 345 1279 417; baseline 0.006 -6"><span class='ocrx_word' id='word_1_1' title='bbox 433 345 778 413; x_wconf 75' lang='lat' dir='ltr'><strong>Maouolcoclusum</strong></span> <span class='ocrx_word' id='word_1_2' title='bbox 791 347 928 414; x_wconf 77' lang='lat' dir='ltr'><strong>Surum.</strong></span> <span class='ocrx_word' id='word_1_3' title='bbox 1216 349 1279 417; x_wconf 74' lang='lat'><strong>33·</strong></span> 
     </span>
    </p>
   </div>
   <div class='ocr_carea' id='block_1_2' title="bbox 80 512 1282 829">
    <p class='ocr_par' dir='ltr' id='par_1_2' title="bbox 80 512 1282 731">
     <span class='ocr_line' id='line_1_2' title="bbox 80 512 1281 592; baseline 0.002 -23"><span class='ocrx_word' id='word_1_4' title='bbox 80 512 119 570; x_wconf 74' lang='lat' dir='ltr'><strong>sd</strong></span> <span class='ocrx_word' id='word_1_5' title='bbox 131 513 251 590; x_wconf 78' lang='lat' dir='ltr'><strong>propria</strong></span> <span class='ocrx_word' id='word_1_6' title='bbox 270 532 336 570; x_wconf 89' lang='lat' dir='ltr'><strong>cum</strong></span> <span class='ocrx_word' id='word_1_7' title='bbox 351 513 459 590; x_wconf 83' lang='lat' dir='ltr'><strong>gaudio</strong></span> <span class='ocrx_word' id='word_1_8' title='bbox 472 512 584 570; x_wconf 87' lang='lat' dir='ltr'><strong>reverti</strong></span> <span class='ocrx_word' id='word_1_9' title='bbox 602 518 780 572; x_wconf 79' lang='lat' dir='ltr'><strong>mercentur.</strong></span> <span class='ocrx_word' id='word_1_10' title='bbox 822 513 882 572; x_wconf 89' lang='lat' dir='ltr'><strong>Per</strong></span> <span class='ocrx_word' id='word_1_11' title='bbox 901 521 931 573; x_wconf 88' lang='lat' dir='ltr'><strong>te</strong></span> <span class='ocrx_word' id='word_1_12' title='bbox 945 513 1082 574; x_wconf 76' lang='lat' dir='ltr'><strong>Salvator</strong></span> <span class='ocrx_word' id='word_1_13' title='bbox 1100 515 1213 586; x_wconf 86' lang='lat' dir='ltr'><strong>muudi,</strong></span> <span class='ocrx_word' id='word_1_14' title='bbox 1228 514 1281 592; x_wconf 89' lang='lat' dir='ltr'><strong>qui</strong></span> 
     </span>
     <span class='ocr_line' id='line_1_3' title="bbox 82 592 1282 672; baseline 0.003 -22"><span class='ocrx_word' id='word_1_15' title='bbox 82 610 151 650; x_wconf 91' lang='lat' dir='ltr'><strong>cum</strong></span> <span class='ocrx_word' id='word_1_16' title='bbox 164 592 229 651; x_wconf 89' lang='lat' dir='ltr'><strong>Deo</strong></span> <span class='ocrx_word' id='word_1_17' title='bbox 243 592 334 652; x_wconf 83' lang='lat' dir='ltr'><strong>Putre</strong></span> <span class='ocrx_word' id='word_1_18' title='bbox 348 600 379 650; x_wconf 92' lang='lat' dir='ltr'><strong>et</strong></span> <span class='ocrx_word' id='word_1_19' title='bbox 393 592 510 670; x_wconf 78' lang='lat' dir='ltr'>Spiritu</span> <span class='ocrx_word' id='word_1_20' title='bbox 523 592 631 650; x_wconf 77' lang='lat' dir='ltr'><strong>Sancto</strong></span> <span class='ocrx_word' id='word_1_21' title='bbox 642 592 718 651; x_wconf 85' lang='lat' dir='ltr'><strong>viris</strong></span> <span class='ocrx_word' id='word_1_22' title='bbox 733 599 764 651; x_wconf 88' lang='lat' dir='ltr'><strong>et</strong></span> <span class='ocrx_word' id='word_1_23' title='bbox 776 600 882 672; x_wconf 79' lang='lat' dir='ltr'><strong>regnat</strong></span> <span class='ocrx_word' id='word_1_24' title='bbox 891 593 983 668; x_wconf 89' lang='lat' dir='ltr'><strong>Deus,</strong></span> <span class='ocrx_word' id='word_1_25' title='bbox 997 613 1050 671; x_wconf 90' lang='lat' dir='ltr'><strong>per</strong></span> <span class='ocrx_word' id='word_1_26' title='bbox 1063 596 1163 653; x_wconf 81' lang='lat' dir='ltr'><strong>omniu</strong></span> <span class='ocrx_word' id='word_1_27' title='bbox 1176 595 1282 654; x_wconf 78' lang='lat' dir='ltr'><strong>saeculs</strong></span> 
     </span>
     <span class='ocr_line' id='line_1_4' title="bbox 82 673 412 731; baseline 0.003 -1"><span class='ocrx_word' id='word_1_28' title='bbox 82 673 262 731; x_wconf 73' lang='lat' dir='ltr'><strong>osculorum.</strong></span> <span class='ocrx_word' id='word_1_29' title='bbox 304 673 412 731; x_wconf 82' lang='lat' dir='ltr'><strong>Arnen</strong></span> 
     </span>
    </p>

    <p class='ocr_par' dir='ltr' id='par_1_3' title="bbox 141 752 797 829">
     <span class='ocr_line' id='line_1_5' title="bbox 141 752 797 829; baseline 0.003 -19"><span class='ocrx_word' id='word_1_30' title='bbox 141 752 254 812; x_wconf 73' lang='lat' dir='ltr'><strong>Deinde</strong></span> <span class='ocrx_word' id='word_1_31' title='bbox 268 763 440 829; x_wconf 76' lang='lat' dir='ltr'><strong>asperqotur</strong></span> <span class='ocrx_word' id='word_1_32' title='bbox 453 753 539 811; x_wconf 79' lang='lat' dir='ltr'><strong>racis</strong></span> <span class='ocrx_word' id='word_1_33' title='bbox 551 772 631 828; x_wconf 80' lang='lat' dir='ltr'><strong>aqua</strong></span> <span class='ocrx_word' id='word_1_34' title='bbox 645 752 797 812; x_wconf 75' lang='lat' dir='ltr'><strong>bemdictc.</strong></span> 
     </span>
    </p>
   </div>
   <div class='ocr_carea' id='block_1_3' title="bbox 402 1049 957 1162">
    <p class='ocr_par' dir='ltr' id='par_1_4' title="bbox 402 1049 957 1162">
     <span class='ocr_line' id='line_1_6' title="bbox 402 1049 957 1162; baseline 0.004 -45"><span class='ocrx_word' id='word_1_35' title='bbox 402 1049 746 1162; x_wconf 70' lang='lat' dir='ltr'><strong>BENEDIOTlONES</strong></span> <span class='ocrx_word' id='word_1_36' title='bbox 770 1061 957 1122; x_wconf 77' lang='lat' dir='ltr'><strong>MENSAE.*</strong></span> 
     </span>
    </p>
   </div>
   <div class='ocr_carea' id='block_1_4' title="bbox 532 1200 824 1259">
    <p class='ocr_par' dir='ltr' id='par_1_5' title="bbox 532 1200 824 1259">
     <span class='ocr_line' id='line_1_7' title="bbox 532 1200 824 1259; baseline 0.003 -2"><span class='ocrx_word' id='word_1_37' title='bbox 532 1201 625 1258; x_wconf 75' lang='lat' dir='ltr'><strong>Arri:</strong></span> <span class='ocrx_word' id='word_1_38' title='bbox 645 1200 824 1259; x_wconf 74' lang='lat' dir='ltr'><strong>Psmmun.</strong></span> 
     </span>
    </p>
   </div>
   <div class='ocr_carea' id='block_1_5' title="bbox 41 1327 1280 3565">
    <p class='ocr_par' dir='ltr' id='par_1_6' title="bbox 80 1327 1280 1567">
     <span class='ocr_line' id='line_1_8' title="bbox 147 1327 1280 1406; baseline 0.005 -21"><span class='ocrx_word' id='word_1_39' title='bbox 147 1327 236 1386; x_wconf 79' lang='lat' dir='ltr'><strong>Omni</strong></span> <span class='ocrx_word' id='word_1_40' title='bbox 249 1329 295 1387; x_wconf 84' lang='lat' dir='ltr'><strong>die</strong></span> <span class='ocrx_word' id='word_1_41' title='bbox 304 1347 359 1405; x_wconf 82' lang='lat' dir='ltr'><strong>per</strong></span> <span class='ocrx_word' id='word_1_42' title='bbox 368 1351 482 1388; x_wconf 75' lang='lat' dir='ltr'><strong>currem</strong></span> <span class='ocrx_word' id='word_1_43' title='bbox 492 1331 526 1389; x_wconf 84' lang='lat' dir='ltr'><strong>dc</strong></span> <span class='ocrx_word' id='word_1_44' title='bbox 535 1350 705 1406; x_wconf 78' lang='lat' dir='ltr'><strong>quocunque</strong></span> <span class='ocrx_word' id='word_1_45' title='bbox 710 1333 771 1405; x_wconf 84' lang='lat' dir='ltr'><strong>fiat</strong></span> <span class='ocrx_word' id='word_1_46' title='bbox 779 1329 928 1389; x_wconf 80' lang='lat' dir='ltr'><strong>servitium</strong></span> <span class='ocrx_word' id='word_1_47' title='bbox 938 1330 1041 1388; x_wconf 76' lang='lat' dir='ltr'><strong>riciirr</strong></span> <span class='ocrx_word' id='word_1_48' title='bbox 1050 1329 1150 1389; x_wconf 65' lang='lat' dir='ltr'><strong>dotus</strong></span> <span class='ocrx_word' id='word_1_49' title='bbox 1165 1331 1280 1391; x_wconf 79' lang='lat' dir='ltr'><strong>l&#39;eueris</strong></span> 
     </span>
     <span class='ocr_line' id='line_1_9' title="bbox 82 1409 1278 1488; baseline 0.005 -24"><span class='ocrx_word' id='word_1_50' title='bbox 82 1417 108 1465; x_wconf 85' lang='lat' dir='ltr'><strong>et</strong></span> <span class='ocrx_word' id='word_1_51' title='bbox 128 1409 247 1483; x_wconf 81' lang='lat' dir='ltr'><strong>quando</strong></span> <span class='ocrx_word' id='word_1_52' title='bbox 259 1411 411 1486; x_wconf 79' lang='lat' dir='ltr'><strong>jejurriuru</strong></span> <span class='ocrx_word' id='word_1_53' title='bbox 425 1420 464 1469; x_wconf 85' lang='lat' dir='ltr'><strong>est</strong></span> <span class='ocrx_word' id='word_1_54' title='bbox 479 1421 665 1488; x_wconf 77' lang='lat' dir='ltr'><strong>proeccptum,</strong></span> <span class='ocrx_word' id='word_1_55' title='bbox 680 1411 758 1469; x_wconf 76' lang='lat' dir='ltr'><strong>utin</strong></span> <span class='ocrx_word' id='word_1_56' title='bbox 776 1410 899 1486; x_wconf 57' lang='lat' dir='ltr'><strong>riqizis,</strong></span> <span class='ocrx_word' id='word_1_57' title='bbox 916 1410 1062 1481; x_wconf 73' lang='lat' dir='ltr'><strong>Quattuor</strong></span> <span class='ocrx_word' id='word_1_58' title='bbox 1083 1411 1278 1488; x_wconf 60' lang='lat' dir='ltr'><strong>Pomponius,</strong></span> 
     </span>
     <span class='ocr_line' id='line_1_10' title="bbox 80 1488 1279 1567; baseline 0.006 -22"><span class='ocrx_word' id='word_1_59' title='bbox 80 1497 105 1546; x_wconf 86' lang='lat' dir='ltr'><strong>et</strong></span> <span class='ocrx_word' id='word_1_60' title='bbox 132 1488 299 1548; x_wconf 69' lang='lat' dir='ltr'><strong>Fertalilrus</strong></span> <span class='ocrx_word' id='word_1_61' title='bbox 324 1492 424 1551; x_wconf 64' lang='lat' dir='ltr'><strong>dicbus</strong></span> <span class='ocrx_word' id='word_1_62' title='bbox 450 1491 535 1567; x_wconf 79' lang='lat' dir='ltr'><strong>iufra</strong></span> <span class='ocrx_word' id='word_1_63' title='bbox 558 1491 827 1567; x_wconf 73' lang='lat' dir='ltr'><strong>Quadruqcrr&#39;mom,</strong></span> <span class='ocrx_word' id='word_1_64' title='bbox 854 1499 881 1548; x_wconf 84' lang='lat' dir='ltr'><strong>et</strong></span> <span class='ocrx_word' id='word_1_65' title='bbox 907 1490 968 1549; x_wconf 63' lang='lat' dir='ltr'><strong>oriri</strong></span> <span class='ocrx_word' id='word_1_66' title='bbox 989 1512 1045 1567; x_wconf 83' lang='lat' dir='ltr'><strong>per</strong></span> <span class='ocrx_word' id='word_1_67' title='bbox 1071 1491 1279 1552; x_wconf 73' lang='lat' dir='ltr'><strong><em>hebdomadam</em></strong></span> 
     </span>
    </p>

    <p class='ocr_par' dir='ltr' id='par_1_7' title="bbox 56 1568 1012 1647">
     <span class='ocr_line' id='line_1_11' title="bbox 56 1568 1012 1647; baseline 0.003 -21"><span class='ocrx_word' id='word_1_68' title='bbox 56 1590 60 1599; x_wconf 91' lang='lat'>·</span> <span class='ocrx_word' id='word_1_69' title='bbox 79 1568 206 1643; x_wconf 78' lang='lat' dir='ltr'><strong>Paecltoe,</strong></span> <span class='ocrx_word' id='word_1_70' title='bbox 221 1570 359 1629; x_wconf 74' lang='lat' dir='ltr'><strong>dicoretur</strong></span> <span class='ocrx_word' id='word_1_71' title='bbox 373 1573 576 1631; x_wconf 80' lang='lat' dir='ltr'><strong>berzedictiortcs</strong></span> <span class='ocrx_word' id='word_1_72' title='bbox 589 1581 656 1630; x_wconf 76' lang='lat' dir='ltr'><strong>orote</strong></span> <span class='ocrx_word' id='word_1_73' title='bbox 667 1573 832 1647; x_wconf 69' lang='lat' dir='ltr'><strong>prandium</strong></span> <span class='ocrx_word' id='word_1_74' title='bbox 845 1571 896 1630; x_wconf 76' lang='lat' dir='ltr'><strong>hoc</strong></span> <span class='ocrx_word' id='word_1_75' title='bbox 909 1572 993 1630; x_wconf 82' lang='lat' dir='ltr'><strong>modo</strong></span> <span class='ocrx_word' id='word_1_76' title='bbox 1003 1596 1012 1631; x_wconf 96' lang='lat'><em>:</em></span> 
     </span>
    </p>

    <p class='ocr_par' dir='ltr' id='par_1_8' title="bbox 139 1648 751 1726">
     <span class='ocr_line' id='line_1_12' title="bbox 139 1648 751 1726; baseline 0.01 -20"><span class='ocrx_word' id='word_1_77' title='bbox 139 1648 284 1726; x_wconf 80' lang='lat' dir='ltr'><strong>Inprimis</strong></span> <span class='ocrx_word' id='word_1_78' title='bbox 297 1653 376 1710; x_wconf 81' lang='lat' dir='ltr'><strong>dicat</strong></span> <span class='ocrx_word' id='word_1_79' title='bbox 389 1652 549 1711; x_wconf 78' lang='lat' dir='ltr'><strong>Sacerdos:</strong></span> <span class='ocrx_word' id='word_1_80' title='bbox 572 1653 751 1712; x_wconf 83' lang='lat' dir='ltr'><strong>Benedicitc.</strong></span> 
     </span>
    </p>

    <p class='ocr_par' dir='ltr' id='par_1_9' title="bbox 137 1729 420 1806">
     <span class='ocr_line' id='line_1_13' title="bbox 137 1729 420 1806; baseline 0.014 -20"><span class='ocrx_word' id='word_1_81' title='bbox 137 1729 222 1806; x_wconf 80' lang='lat' dir='ltr'><strong>Resp.</strong></span> <span class='ocrx_word' id='word_1_82' title='bbox 266 1731 420 1790; x_wconf 89' lang='lat' dir='ltr'><strong>Dominus.</strong></span> 
     </span>
    </p>

    <p class='ocr_par' dir='ltr' id='par_1_10' title="bbox 139 1810 286 1869">
     <span class='ocr_line' id='line_1_14' title="bbox 139 1810 286 1869; baseline 0.014 -2"><span class='ocrx_word' id='word_1_83' title='bbox 139 1810 286 1869; x_wconf 80' lang='lat' dir='ltr'><strong>Psclrtus.</strong></span> 
     </span>
    </p>

    <p class='ocr_par' dir='ltr' id='par_1_11' title="bbox 79 1889 1276 2107">
     <span class='ocr_line' id='line_1_15' title="bbox 143 1889 1276 1967; baseline 0.003 -20"><span class='ocrx_word' id='word_1_84' title='bbox 143 1889 232 1948; x_wconf 89' lang='lat' dir='ltr'>Oculi</span> <span class='ocrx_word' id='word_1_85' title='bbox 255 1891 388 1948; x_wconf 90' lang='lat' dir='ltr'><strong>omnium</strong></span> <span class='ocrx_word' id='word_1_86' title='bbox 410 1892 443 1948; x_wconf 89' lang='lat' dir='ltr'><strong>in</strong></span> <span class='ocrx_word' id='word_1_87' title='bbox 463 1898 493 1950; x_wconf 90' lang='lat' dir='ltr'><strong>te</strong></span> <span class='ocrx_word' id='word_1_88' title='bbox 517 1897 643 1967; x_wconf 79' lang='lat' dir='ltr'><strong>sperant,</strong></span> <span class='ocrx_word' id='word_1_89' title='bbox 666 1891 813 1948; x_wconf 88' lang='lat' dir='ltr'><strong>Domine:</strong></span> <span class='ocrx_word' id='word_1_90' title='bbox 844 1896 876 1948; x_wconf 90' lang='lat' dir='ltr'><strong>et</strong></span> <span class='ocrx_word' id='word_1_91' title='bbox 898 1898 933 1947; x_wconf 89' lang='lat' dir='ltr'><strong>tu</strong></span> <span class='ocrx_word' id='word_1_92' title='bbox 956 1891 1008 1948; x_wconf 81' lang='lat' dir='ltr'><strong>das</strong></span> <span class='ocrx_word' id='word_1_93' title='bbox 1035 1910 1130 1949; x_wconf 78' lang='lat' dir='ltr'><strong>oscum</strong></span> <span class='ocrx_word' id='word_1_94' title='bbox 1157 1892 1276 1950; x_wconf 91' lang='lat' dir='ltr'><strong>illorum</strong></span> 
     </span>
     <span class='ocr_line' id='line_1_16' title="bbox 83 1970 1276 2047; baseline 0.005 -23"><span class='ocrx_word' id='word_1_95' title='bbox 83 1975 213 2045; x_wconf 87' lang='lat' dir='ltr'><strong>tempore</strong></span> <span class='ocrx_word' id='word_1_96' title='bbox 235 1977 409 2047; x_wconf 82' lang='lat' dir='ltr'><strong>opportuno.</strong></span> <span class='ocrx_word' id='word_1_97' title='bbox 457 1972 565 2046; x_wconf 88' lang='lat' dir='ltr'><strong>Aperis</strong></span> <span class='ocrx_word' id='word_1_98' title='bbox 583 1979 617 2028; x_wconf 89' lang='lat' dir='ltr'><strong>tu</strong></span> <span class='ocrx_word' id='word_1_99' title='bbox 633 1990 754 2027; x_wconf 81' lang='lat' dir='ltr'><strong>manum</strong></span> <span class='ocrx_word' id='word_1_100' title='bbox 773 1975 867 2042; x_wconf 77' lang='lat' dir='ltr'><strong>tuem,</strong></span> <span class='ocrx_word' id='word_1_101' title='bbox 887 1976 918 2027; x_wconf 89' lang='lat' dir='ltr'><strong>et</strong></span> <span class='ocrx_word' id='word_1_102' title='bbox 936 1970 1042 2047; x_wconf 80' lang='lat' dir='ltr'><strong>imples</strong></span> <span class='ocrx_word' id='word_1_103' title='bbox 1060 1990 1146 2028; x_wconf 93' lang='lat' dir='ltr'><strong>omne</strong></span> <span class='ocrx_word' id='word_1_104' title='bbox 1166 1973 1276 2030; x_wconf 82' lang='lat' dir='ltr'><strong>animal</strong></span> 
     </span>
     <span class='ocr_line' id='line_1_17' title="bbox 79 2048 289 2107; baseline 0.01 -2"><span class='ocrx_word' id='word_1_105' title='bbox 79 2048 289 2107; x_wconf 82' lang='lat' dir='ltr'><strong>benedictione.</strong></span> 
     </span>
    </p>

    <p class='ocr_par' dir='ltr' id='par_1_12' title="bbox 141 2127 562 2189">
     <span class='ocr_line' id='line_1_18' title="bbox 141 2127 562 2189; baseline 0.002 -5"><span class='ocrx_word' id='word_1_106' title='bbox 141 2127 243 2186; x_wconf 81' lang='lat' dir='ltr'>Gloria</span> <span class='ocrx_word' id='word_1_107' title='bbox 257 2129 350 2189; x_wconf 79' lang='lat' dir='ltr'><strong>Petri.</strong></span> <span class='ocrx_word' id='word_1_108' title='bbox 393 2128 477 2186; x_wconf 82' lang='lat' dir='ltr'><strong>Sicut</strong></span> <span class='ocrx_word' id='word_1_109' title='bbox 491 2135 562 2187; x_wconf 79' lang='lat' dir='ltr'><strong>erat.</strong></span> 
     </span>
    </p>

    <p class='ocr_par' dir='ltr' id='par_1_13' title="bbox 142 2205 951 2284">
     <span class='ocr_line' id='line_1_19' title="bbox 142 2205 951 2284; baseline 0.004 -22"><span class='ocrx_word' id='word_1_110' title='bbox 142 2205 239 2282; x_wconf 84' lang='lat' dir='ltr'><strong>Kyrie</strong></span> <span class='ocrx_word' id='word_1_111' title='bbox 254 2208 378 2284; x_wconf 82' lang='lat' dir='ltr'><strong>eleyson.</strong></span> <span class='ocrx_word' id='word_1_112' title='bbox 423 2208 539 2266; x_wconf 81' lang='lat' dir='ltr'><strong>Christe</strong></span> <span class='ocrx_word' id='word_1_113' title='bbox 553 2207 677 2284; x_wconf 84' lang='lat' dir='ltr'><strong>eleyson.</strong></span> <span class='ocrx_word' id='word_1_114' title='bbox 716 2208 814 2284; x_wconf 88' lang='lat' dir='ltr'><strong>Kyrie</strong></span> <span class='ocrx_word' id='word_1_115' title='bbox 826 2208 951 2284; x_wconf 79' lang='lat' dir='ltr'><strong>eleyson.</strong></span> 
     </span>
    </p>

    <p class='ocr_par' dir='ltr' id='par_1_14' title="bbox 139 2285 351 2345">
     <span class='ocr_line' id='line_1_20' title="bbox 139 2285 351 2345; baseline 0.009 -3"><span class='ocrx_word' id='word_1_116' title='bbox 139 2285 230 2343; x_wconf 84' lang='lat' dir='ltr'><strong>Pater</strong></span> <span class='ocrx_word' id='word_1_117' title='bbox 243 2294 351 2345; x_wconf 87' lang='lat' dir='ltr'><strong>noster.</strong></span> 
     </span>
    </p>

    <p class='ocr_par' dir='ltr' id='par_1_15' title="bbox 138 2365 1122 2443">
     <span class='ocr_line' id='line_1_21' title="bbox 138 2365 1122 2443; baseline 0.004 -21"><span class='ocrx_word' id='word_1_118' title='bbox 138 2365 251 2424; x_wconf 75' lang='lat' dir='ltr'><strong>Deinde</strong></span> <span class='ocrx_word' id='word_1_119' title='bbox 265 2368 344 2425; x_wconf 86' lang='lat' dir='ltr'><strong>dicct</strong></span> <span class='ocrx_word' id='word_1_120' title='bbox 356 2366 496 2425; x_wconf 79' lang='lat' dir='ltr'><strong>Sacerdos</strong></span> <span class='ocrx_word' id='word_1_121' title='bbox 505 2391 515 2427; x_wconf 93' lang='lat'><em>:</em></span> <span class='ocrx_word' id='word_1_122' title='bbox 536 2368 577 2424; x_wconf 88' lang='lat' dir='ltr'><strong>Et</strong></span> <span class='ocrx_word' id='word_1_123' title='bbox 591 2387 629 2425; x_wconf 88' lang='lat' dir='ltr'><strong>ne</strong></span> <span class='ocrx_word' id='word_1_124' title='bbox 642 2386 696 2424; x_wconf 85' lang='lat' dir='ltr'><strong>nos</strong></span> <span class='ocrx_word' id='word_1_125' title='bbox 709 2367 831 2425; x_wconf 83' lang='lat' dir='ltr'><strong>induces</strong></span> <span class='ocrx_word' id='word_1_126' title='bbox 843 2367 876 2424; x_wconf 90' lang='lat' dir='ltr'><strong>in</strong></span> <span class='ocrx_word' id='word_1_127' title='bbox 888 2367 1122 2443; x_wconf 76' lang='lat' dir='ltr'><strong>temptationem.</strong></span> 
     </span>
    </p>

    <p class='ocr_par' dir='ltr' id='par_1_16' title="bbox 139 2445 625 2521">
     <span class='ocr_line' id='line_1_22' title="bbox 139 2445 625 2521; baseline 0.002 -18"><span class='ocrx_word' id='word_1_128' title='bbox 139 2447 224 2521; x_wconf 81' lang='lat' dir='ltr'><strong>Rcop.</strong></span> <span class='ocrx_word' id='word_1_129' title='bbox 268 2445 324 2504; x_wconf 80' lang='lat' dir='ltr'><strong>Sed</strong></span> <span class='ocrx_word' id='word_1_130' title='bbox 339 2446 433 2504; x_wconf 83' lang='lat' dir='ltr'><strong>libera</strong></span> <span class='ocrx_word' id='word_1_131' title='bbox 442 2466 496 2505; x_wconf 86' lang='lat' dir='ltr'><strong>nos</strong></span> <span class='ocrx_word' id='word_1_132' title='bbox 509 2467 528 2504; x_wconf 83' lang='lat' dir='ltr'><strong>e</strong></span> <span class='ocrx_word' id='word_1_133' title='bbox 540 2448 625 2505; x_wconf 81' lang='lat' dir='ltr'><strong>melo.</strong></span> 
     </span>
    </p>

    <p class='ocr_par' dir='ltr' id='par_1_17' title="bbox 138 2525 461 2585">
     <span class='ocr_line' id='line_1_23' title="bbox 138 2525 461 2585; baseline 0.003 -1"><span class='ocrx_word' id='word_1_134' title='bbox 138 2525 284 2585; x_wconf 80' lang='lat' dir='ltr'><strong>Sacerdos.</strong></span> <span class='ocrx_word' id='word_1_135' title='bbox 328 2527 461 2585; x_wconf 88' lang='lat' dir='ltr'><strong>Oremus.</strong></span> 
     </span>
    </p>

    <p class='ocr_par' dir='ltr' id='par_1_18' title="bbox 77 2606 1276 2764">
     <span class='ocr_line' id='line_1_24' title="bbox 139 2606 1276 2687; baseline 0.004 -24"><span class='ocrx_word' id='word_1_136' title='bbox 139 2606 276 2679; x_wconf 87' lang='lat' dir='ltr'><strong>Benedic‚</strong></span> <span class='ocrx_word' id='word_1_137' title='bbox 301 2607 440 2680; x_wconf 84' lang='lat' dir='ltr'><strong>Domine,</strong></span> <span class='ocrx_word' id='word_1_138' title='bbox 466 2627 520 2666; x_wconf 87' lang='lat' dir='ltr'><strong>nos</strong></span> <span class='ocrx_word' id='word_1_139' title='bbox 543 2614 575 2666; x_wconf 92' lang='lat' dir='ltr'><strong>et</strong></span> <span class='ocrx_word' id='word_1_140' title='bbox 601 2608 678 2666; x_wconf 79' lang='lat' dir='ltr'><strong>donc</strong></span> <span class='ocrx_word' id='word_1_141' title='bbox 704 2613 758 2665; x_wconf 81' lang='lat' dir='ltr'><strong>tua</strong></span> <span class='ocrx_word' id='word_1_142' title='bbox 784 2626 850 2684; x_wconf 85' lang='lat' dir='ltr'><strong>quae</strong></span> <span class='ocrx_word' id='word_1_143' title='bbox 877 2608 913 2666; x_wconf 87' lang='lat' dir='ltr'><strong>do</strong></span> <span class='ocrx_word' id='word_1_144' title='bbox 940 2613 993 2666; x_wconf 78' lang='lat' dir='ltr'><strong>tua</strong></span> <span class='ocrx_word' id='word_1_145' title='bbox 1015 2607 1153 2687; x_wconf 70' lang='lat' dir='ltr'><strong>largitate</strong></span> <span class='ocrx_word' id='word_1_146' title='bbox 1174 2628 1276 2668; x_wconf 82' lang='lat' dir='ltr'><strong>sumus</strong></span> 
     </span>
     <span class='ocr_line' id='line_1_25' title="bbox 77 2687 829 2764; baseline 0.001 -19"><span class='ocrx_word' id='word_1_147' title='bbox 77 2688 233 2764; x_wconf 86' lang='lat' dir='ltr'><strong>sumpturi.</strong></span> <span class='ocrx_word' id='word_1_148' title='bbox 277 2687 336 2746; x_wconf 89' lang='lat' dir='ltr'><strong>Per</strong></span> <span class='ocrx_word' id='word_1_149' title='bbox 350 2688 502 2747; x_wconf 77' lang='lat' dir='ltr'><strong>Christum</strong></span> <span class='ocrx_word' id='word_1_150' title='bbox 511 2689 674 2746; x_wconf 90' lang='lat' dir='ltr'><strong>Dominum</strong></span> <span class='ocrx_word' id='word_1_151' title='bbox 688 2694 829 2747; x_wconf 82' lang='lat' dir='ltr'><strong>nostrum.</strong></span> 
     </span>
    </p>

    <p class='ocr_par' dir='ltr' id='par_1_19' title="bbox 141 2767 376 2844">
     <span class='ocr_line' id='line_1_26' title="bbox 141 2767 376 2844; baseline 0.009 -19"><span class='ocrx_word' id='word_1_152' title='bbox 141 2767 225 2844; x_wconf 81' lang='lat' dir='ltr'><strong>Resp.</strong></span> <span class='ocrx_word' id='word_1_153' title='bbox 268 2770 376 2827; x_wconf 88' lang='lat' dir='ltr'><strong>Amen.</strong></span> 
     </span>
    </p>

    <p class='ocr_par' dir='ltr' id='par_1_20' title="bbox 138 2847 725 2921">
     <span class='ocr_line' id='line_1_27' title="bbox 138 2847 725 2921; baseline 0.003 -15"><span class='ocrx_word' id='word_1_154' title='bbox 138 2847 248 2908; x_wconf 80' lang='lat' dir='ltr'><strong>Lector.</strong></span> <span class='ocrx_word' id='word_1_155' title='bbox 291 2849 313 2908; x_wconf 85' lang='lat' dir='ltr'><strong>J</strong></span> <span class='ocrx_word' id='word_1_156' title='bbox 315 2850 380 2921; x_wconf 87' lang='lat' dir='ltr'><strong>ube,</strong></span> <span class='ocrx_word' id='word_1_157' title='bbox 396 2849 533 2921; x_wconf 87' lang='lat' dir='ltr'><strong>Domine,</strong></span> <span class='ocrx_word' id='word_1_158' title='bbox 548 2849 725 2908; x_wconf 88' lang='lat' dir='ltr'><strong>benedicere.</strong></span> 
     </span>
    </p>

    <p class='ocr_par' dir='ltr' id='par_1_21' title="bbox 77 2927 1272 3068">
     <span class='ocr_line' id='line_1_28' title="bbox 142 2927 1272 3009; baseline 0.003 -22"><span class='ocrx_word' id='word_1_159' title='bbox 142 2927 290 2990; x_wconf 82' lang='lat' dir='ltr'><strong>Sacerdos.</strong></span> <span class='ocrx_word' id='word_1_160' title='bbox 333 2930 446 2988; x_wconf 85' lang='lat' dir='ltr'><strong>Mensae</strong></span> <span class='ocrx_word' id='word_1_161' title='bbox 466 2929 589 2987; x_wconf 84' lang='lat' dir='ltr'><strong>caelestis</strong></span> <span class='ocrx_word' id='word_1_162' title='bbox 608 2931 765 3006; x_wconf 80' lang='lat' dir='ltr'><strong>participes</strong></span> <span class='ocrx_word' id='word_1_163' title='bbox 777 2928 867 2988; x_wconf 67' lang='lat' dir='ltr'><strong>fumet</strong></span> <span class='ocrx_word' id='word_1_164' title='bbox 879 2949 933 2990; x_wconf 90' lang='lat' dir='ltr'><strong>nos</strong></span> <span class='ocrx_word' id='word_1_165' title='bbox 953 2950 1008 2989; x_wconf 88' lang='lat' dir='ltr'><strong>rex</strong></span> <span class='ocrx_word' id='word_1_166' title='bbox 1027 2936 1143 2990; x_wconf 82' lang='lat' dir='ltr'><strong>aetemoe</strong></span> <span class='ocrx_word' id='word_1_167' title='bbox 1163 2932 1272 3009; x_wconf 84' lang='lat' dir='ltr'><strong>gloriae.</strong></span> 
     </span>
     <span class='ocr_line' id='line_1_29' title="bbox 77 3007 185 3068; baseline 0.028 -3"><span class='ocrx_word' id='word_1_168' title='bbox 77 3007 185 3068; x_wconf 86' lang='lat' dir='ltr'><strong>Amen.</strong></span> 
     </span>
    </p>

    <p class='ocr_par' dir='ltr' id='par_1_22' title="bbox 78 3088 1273 3249">
     <span class='ocr_line' id='line_1_30' title="bbox 137 3088 1273 3166; baseline 0.005 -20"><span class='ocrx_word' id='word_1_169' title='bbox 137 3088 245 3149; x_wconf 82' lang='lat' dir='ltr'><strong>Lector.</strong></span> <span class='ocrx_word' id='word_1_170' title='bbox 289 3090 371 3148; x_wconf 88' lang='lat' dir='ltr'><strong>Deus</strong></span> <span class='ocrx_word' id='word_1_171' title='bbox 384 3090 490 3148; x_wconf 84' lang='lat' dir='ltr'><strong>caritas</strong></span> <span class='ocrx_word' id='word_1_172' title='bbox 508 3095 563 3160; x_wconf 87' lang='lat' dir='ltr'><strong>est,</strong></span> <span class='ocrx_word' id='word_1_173' title='bbox 577 3091 674 3166; x_wconf 90' lang='lat' dir='ltr'><strong>etqui</strong></span> <span class='ocrx_word' id='word_1_174' title='bbox 687 3097 788 3149; x_wconf 84' lang='lat' dir='ltr'><strong>manet</strong></span> <span class='ocrx_word' id='word_1_175' title='bbox 801 3091 834 3148; x_wconf 90' lang='lat' dir='ltr'><strong>in</strong></span> <span class='ocrx_word' id='word_1_176' title='bbox 853 3091 976 3151; x_wconf 80' lang='lat' dir='ltr'><strong>caritate</strong></span> <span class='ocrx_word' id='word_1_177' title='bbox 989 3092 1022 3150; x_wconf 91' lang='lat' dir='ltr'><strong>in</strong></span> <span class='ocrx_word' id='word_1_178' title='bbox 1036 3092 1101 3151; x_wconf 88' lang='lat' dir='ltr'><strong>Deo</strong></span> <span class='ocrx_word' id='word_1_179' title='bbox 1120 3099 1273 3164; x_wconf 76' lang='lat' dir='ltr'><strong>monetet</strong></span> 
     </span>
     <span class='ocr_line' id='line_1_31' title="bbox 78 3167 1026 3249; baseline 0.005 -25"><span class='ocrx_word' id='word_1_180' title='bbox 78 3167 160 3227; x_wconf 87' lang='lat' dir='ltr'><strong>Deus</strong></span> <span class='ocrx_word' id='word_1_181' title='bbox 173 3170 205 3226; x_wconf 92' lang='lat' dir='ltr'><strong>in</strong></span> <span class='ocrx_word' id='word_1_182' title='bbox 220 3189 261 3229; x_wconf 88' lang='lat' dir='ltr'><strong>eo.</strong></span> <span class='ocrx_word' id='word_1_183' title='bbox 304 3169 352 3227; x_wconf 81' lang='lat' dir='ltr'><strong>Sit</strong></span> <span class='ocrx_word' id='word_1_184' title='bbox 365 3171 448 3229; x_wconf 88' lang='lat' dir='ltr'><strong>Deus</strong></span> <span class='ocrx_word' id='word_1_185' title='bbox 460 3170 492 3227; x_wconf 92' lang='lat' dir='ltr'><strong>in</strong></span> <span class='ocrx_word' id='word_1_186' title='bbox 506 3170 600 3242; x_wconf 87' lang='lat' dir='ltr'><strong>nobis,</strong></span> <span class='ocrx_word' id='word_1_187' title='bbox 615 3178 646 3229; x_wconf 92' lang='lat' dir='ltr'><strong>et</strong></span> <span class='ocrx_word' id='word_1_188' title='bbox 659 3190 713 3229; x_wconf 88' lang='lat' dir='ltr'><strong>nos</strong></span> <span class='ocrx_word' id='word_1_189' title='bbox 725 3191 896 3231; x_wconf 79' lang='lat' dir='ltr'><strong>maneamus</strong></span> <span class='ocrx_word' id='word_1_190' title='bbox 909 3173 942 3229; x_wconf 90' lang='lat' dir='ltr'><strong>in</strong></span> <span class='ocrx_word' id='word_1_191' title='bbox 955 3173 1026 3249; x_wconf 86' lang='lat' dir='ltr'><strong>ipso.</strong></span> 
     </span>
    </p>

    <p class='ocr_par' dir='ltr' id='par_1_23' title="bbox 137 3248 372 3325">
     <span class='ocr_line' id='line_1_32' title="bbox 137 3248 372 3325; baseline 0.009 -19"><span class='ocrx_word' id='word_1_192' title='bbox 137 3248 221 3325; x_wconf 82' lang='lat' dir='ltr'><strong>Rerp.</strong></span> <span class='ocrx_word' id='word_1_193' title='bbox 264 3250 372 3308; x_wconf 88' lang='lat' dir='ltr'><strong>Amen.</strong></span> 
     </span>
    </p>

    <p class='ocr_par' dir='ltr' id='par_1_24' title="bbox 136 3327 1275 3406">
     <span class='ocr_line' id='line_1_33' title="bbox 136 3327 1275 3406; baseline 0.004 -21"><span class='ocrx_word' id='word_1_194' title='bbox 136 3327 209 3388; x_wconf 85' lang='lat' dir='ltr'><strong>Hoec</strong></span> <span class='ocrx_word' id='word_1_195' title='bbox 217 3330 362 3406; x_wconf 79' lang='lat' dir='ltr'><strong>proedicto</strong></span> <span class='ocrx_word' id='word_1_196' title='bbox 371 3331 468 3389; x_wconf 70' lang='lat' dir='ltr'><strong>lectio</strong></span> <span class='ocrx_word' id='word_1_197' title='bbox 478 3351 538 3389; x_wconf 79' lang='lat' dir='ltr'><strong>rrort</strong></span> <span class='ocrx_word' id='word_1_198' title='bbox 548 3339 683 3387; x_wconf 82' lang='lat' dir='ltr'><strong>mutatur</strong></span> <span class='ocrx_word' id='word_1_199' title='bbox 690 3351 746 3406; x_wconf 81' lang='lat' dir='ltr'><strong>per</strong></span> <span class='ocrx_word' id='word_1_200' title='bbox 760 3339 852 3389; x_wconf 83' lang='lat' dir='ltr'><strong>totum</strong></span> <span class='ocrx_word' id='word_1_201' title='bbox 865 3350 988 3401; x_wconf 81' lang='lat' dir='ltr'><strong>annom,</strong></span> <span class='ocrx_word' id='word_1_202' title='bbox 999 3331 1117 3405; x_wconf 80' lang='lat' dir='ltr'><strong>quondo</strong></span> <span class='ocrx_word' id='word_1_203' title='bbox 1125 3333 1275 3406; x_wconf 67' lang='lat' dir='ltr'><strong>proedicto</strong></span> 
     </span>
    </p>

    <p class='ocr_par' dir='ltr' id='par_1_25' title="bbox 41 3408 1276 3565">
     <span class='ocr_line' id='line_1_34' title="bbox 41 3408 1276 3485; baseline 0.002 -19"><span class='ocrx_word' id='word_1_204' title='bbox 41 3473 43 3477; x_wconf 14' lang='lat' dir='ltr'><strong>y</strong></span> <span class='ocrx_word' id='word_1_205' title='bbox 74 3408 280 3469; x_wconf 69' lang='lat' dir='ltr'><strong>tmedicctoner</strong></span> <span class='ocrx_word' id='word_1_206' title='bbox 302 3410 362 3468; x_wconf 79' lang='lat' dir='ltr'><strong>clici</strong></span> <span class='ocrx_word' id='word_1_207' title='bbox 384 3412 483 3469; x_wconf 73' lang='lat' dir='ltr'><strong>debent</strong></span> <span class='ocrx_word' id='word_1_208' title='bbox 509 3419 577 3468; x_wconf 82' lang='lat' dir='ltr'><strong>onte</strong></span> <span class='ocrx_word' id='word_1_209' title='bbox 598 3411 774 3485; x_wconf 80' lang='lat' dir='ltr'><strong>prandium,</strong></span> <span class='ocrx_word' id='word_1_210' title='bbox 797 3410 858 3467; x_wconf 70' lang='lat' dir='ltr'><strong>uiri</strong></span> <span class='ocrx_word' id='word_1_211' title='bbox 880 3411 915 3466; x_wconf 77' lang='lat' dir='ltr'><strong>io</strong></span> <span class='ocrx_word' id='word_1_212' title='bbox 937 3408 1101 3468; x_wconf 78' lang='lat' dir='ltr'><strong>Dmnirricr&#39;s</strong></span> <span class='ocrx_word' id='word_1_213' title='bbox 1122 3410 1276 3470; x_wconf 72' lang='lat' dir='ltr'><strong>Pacctcrlis</strong></span> 
     </span>
     <span class='ocr_line' id='line_1_35' title="bbox 75 3489 932 3565; baseline -0.005 -16"><span class='ocrx_word' id='word_1_214' title='bbox 75 3490 210 3565; x_wconf 63' lang='lat' dir='ltr'><strong>crpore</strong></span> <span class='ocrx_word' id='word_1_215' title='bbox 224 3499 359 3548; x_wconf 77' lang='lat' dir='ltr'><strong>tanturn:</strong></span> <span class='ocrx_word' id='word_1_216' title='bbox 380 3500 449 3549; x_wconf 80' lang='lat' dir='ltr'><strong>tunc</strong></span> <span class='ocrx_word' id='word_1_217' title='bbox 462 3491 540 3549; x_wconf 77' lang='lat' dir='ltr'><strong>euim</strong></span> <span class='ocrx_word' id='word_1_218' title='bbox 553 3491 672 3548; x_wconf 71' lang='lat' dir='ltr'><strong>dicumr</strong></span> <span class='ocrx_word' id='word_1_219' title='bbox 684 3509 804 3564; x_wconf 69' lang='lat' dir='ltr'><strong>repetem</strong></span> <span class='ocrx_word' id='word_1_220' title='bbox 815 3489 913 3546; x_wconf 70' lang='lat' dir='ltr'><strong>lectio</strong></span> <span class='ocrx_word' id='word_1_221' title='bbox 922 3511 932 3547; x_wconf 94' lang='lat'><em>:</em></span> 
     </span>
    </p>
   </div>
   <div class='ocr_carea' id='block_1_6' title="bbox 74 3568 1274 3788">
    <p class='ocr_par' dir='ltr' id='par_1_26' title="bbox 74 3568 1274 3788">
     <span class='ocr_line' id='line_1_36' title="bbox 136 3568 1274 3648; baseline 0 -21"><span class='ocrx_word' id='word_1_222' title='bbox 136 3569 308 3648; x_wconf 82' lang='lat' dir='ltr'><strong>Expurgate</strong></span> <span class='ocrx_word' id='word_1_223' title='bbox 335 3577 420 3629; x_wconf 86' lang='lat' dir='ltr'><strong>vetus</strong></span> <span class='ocrx_word' id='word_1_224' title='bbox 447 3571 626 3628; x_wconf 88' lang='lat' dir='ltr'><strong>fermentum</strong></span> <span class='ocrx_word' id='word_1_225' title='bbox 652 3575 688 3627; x_wconf 89' lang='lat' dir='ltr'><strong>ut</strong></span> <span class='ocrx_word' id='word_1_226' title='bbox 713 3569 779 3626; x_wconf 88' lang='lat' dir='ltr'><strong>sitis</strong></span> <span class='ocrx_word' id='word_1_227' title='bbox 805 3587 883 3626; x_wconf 75' lang='lat' dir='ltr'><strong>nore</strong></span> <span class='ocrx_word' id='word_1_228' title='bbox 909 3568 1082 3644; x_wconf 74' lang='lat' dir='ltr'><strong>conspersio,</strong></span> <span class='ocrx_word' id='word_1_229' title='bbox 1104 3568 1181 3627; x_wconf 87' lang='lat' dir='ltr'><strong>sicut</strong></span> <span class='ocrx_word' id='word_1_230' title='bbox 1202 3572 1274 3628; x_wconf 84' lang='lat' dir='ltr'><strong>estis</strong></span> 
     </span>
     <span class='ocr_line' id='line_1_37' title="bbox 74 3647 1274 3788; baseline -0.001 -80"><span class='ocrx_word' id='word_1_231' title='bbox 74 3650 170 3787; x_wconf 48' lang='lat' dir='ltr'><strong>ff}</strong></span> <span class='ocrx_word' id='word_1_232' title='bbox 169 3652 318 3788; x_wconf 51' lang='lat' dir='ltr'><strong>1{lieleltpnim</strong></span> <span class='ocrx_word' id='word_1_233' title='bbox 328 3651 441 3710; x_wconf 81' lang='lat' dir='ltr'><strong>Puschn</strong></span> <span class='ocrx_word' id='word_1_234' title='bbox 451 3657 587 3708; x_wconf 90' lang='lat' dir='ltr'><strong>nostrum</strong></span> <span class='ocrx_word' id='word_1_235' title='bbox 599 3649 769 3707; x_wconf 80' lang='lat' dir='ltr'><strong>immolatus</strong></span> <span class='ocrx_word' id='word_1_236' title='bbox 779 3653 824 3707; x_wconf 89' lang='lat' dir='ltr'><strong>est</strong></span> <span class='ocrx_word' id='word_1_237' title='bbox 835 3647 989 3722; x_wconf 80' lang='lat' dir='ltr'><strong>Christus3</strong></span> <span class='ocrx_word' id='word_1_238' title='bbox 1009 3648 1110 3725; x_wconf 81' lang='lat' dir='ltr'><strong>itaque</strong></span> <span class='ocrx_word' id='word_1_239' title='bbox 1120 3648 1274 3725; x_wconf 87' lang='lat' dir='ltr'><strong>epulemur</strong></span> 
     </span>
    </p>
   </div>
   <div class='ocr_carea' id='block_1_7' title="bbox 535 3861 813 3922">
    <p class='ocr_par' dir='ltr' id='par_1_27' title="bbox 535 3861 813 3922">
     <span class='ocr_line' id='line_1_38' title="bbox 535 3861 813 3922; baseline 0.004 -2"><span class='ocrx_word' id='word_1_240' title='bbox 535 3862 615 3922; x_wconf 85' lang='lat' dir='ltr'><strong>Posr</strong></span> <span class='ocrx_word' id='word_1_241' title='bbox 635 3861 813 3922; x_wconf 76' lang='lat' dir='ltr'><strong>Pnnumuu.</strong></span> 
     </span>
    </p>
   </div>
   <div class='ocr_carea' id='block_1_8' title="bbox 134 3988 921 4066">
    <p class='ocr_par' dir='ltr' id='par_1_28' title="bbox 134 3988 921 4066">
     <span class='ocr_line' id='line_1_39' title="bbox 134 3988 921 4066; baseline 0.008 -21"><span class='ocrx_word' id='word_1_242' title='bbox 134 3988 246 4048; x_wconf 75' lang='lat' dir='ltr'><strong>Deinde</strong></span> <span class='ocrx_word' id='word_1_243' title='bbox 254 3999 322 4066; x_wconf 81' lang='lat' dir='ltr'><strong>post</strong></span> <span class='ocrx_word' id='word_1_244' title='bbox 331 3993 498 4066; x_wconf 75' lang='lat' dir='ltr'><strong>proredium</strong></span> <span class='ocrx_word' id='word_1_245' title='bbox 511 3992 589 4050; x_wconf 81' lang='lat' dir='ltr'><strong>dicat</strong></span> <span class='ocrx_word' id='word_1_246' title='bbox 602 3992 742 4052; x_wconf 82' lang='lat' dir='ltr'><strong>Sacerdos</strong></span> <span class='ocrx_word' id='word_1_247' title='bbox 754 3992 805 4051; x_wconf 75' lang='lat' dir='ltr'><strong>hoc</strong></span> <span class='ocrx_word' id='word_1_248' title='bbox 818 3993 921 4051; x_wconf 78' lang='lat' dir='ltr'><strong>modo:</strong></span> 
     </span>
    </p>
   </div>
   <div class='ocr_carea' id='block_1_9' title="bbox 72 4068 1269 4309">
    <p class='ocr_par' dir='ltr' id='par_1_29' title="bbox 72 4068 1269 4309">
     <span class='ocr_line' id='line_1_40' title="bbox 133 4068 1269 4150; baseline 0.004 -25"><span class='ocrx_word' id='word_1_249' title='bbox 133 4068 216 4126; x_wconf 88' lang='lat' dir='ltr'><strong>Deus</strong></span> <span class='ocrx_word' id='word_1_250' title='bbox 238 4071 318 4147; x_wconf 87' lang='lat' dir='ltr'><strong>pacis</strong></span> <span class='ocrx_word' id='word_1_251' title='bbox 342 4078 373 4129; x_wconf 89' lang='lat' dir='ltr'><strong>et</strong></span> <span class='ocrx_word' id='word_1_252' title='bbox 396 4072 561 4131; x_wconf 80' lang='lat' dir='ltr'><strong>dilectionis</strong></span> <span class='ocrx_word' id='word_1_253' title='bbox 588 4078 707 4130; x_wconf 85' lang='lat' dir='ltr'><strong>maneat</strong></span> <span class='ocrx_word' id='word_1_254' title='bbox 733 4092 848 4150; x_wconf 88' lang='lat' dir='ltr'><strong>semper</strong></span> <span class='ocrx_word' id='word_1_255' title='bbox 874 4072 1033 4131; x_wconf 82' lang='lat' dir='ltr'><strong>nobiscum.</strong></span> <span class='ocrx_word' id='word_1_256' title='bbox 1086 4071 1132 4129; x_wconf 85' lang='lat' dir='ltr'><strong>Tu</strong></span> <span class='ocrx_word' id='word_1_257' title='bbox 1159 4079 1269 4146; x_wconf 81' lang='lat' dir='ltr'><strong>sutem,</strong></span> 
     </span>
     <span class='ocr_line' id='line_1_41' title="bbox 72 4147 475 4221; baseline 0.012 -17"><span class='ocrx_word' id='word_1_258' title='bbox 72 4147 209 4221; x_wconf 88' lang='lat' dir='ltr'><strong>Domine,</strong></span> <span class='ocrx_word' id='word_1_259' title='bbox 224 4151 362 4209; x_wconf 85' lang='lat' dir='ltr'><strong>miserere</strong></span> <span class='ocrx_word' id='word_1_260' title='bbox 375 4153 475 4209; x_wconf 81' lang='lat' dir='ltr'><strong>nostri.</strong></span> 
     </span>
     <span class='ocr_line' id='line_1_42' title="bbox 132 4228 454 4309; baseline 0.009 -23"><span class='ocrx_word' id='word_1_261' title='bbox 132 4228 216 4305; x_wconf 80' lang='lat' dir='ltr'><strong>Rerp.</strong></span> <span class='ocrx_word' id='word_1_262' title='bbox 260 4230 325 4288; x_wconf 89' lang='lat' dir='ltr'><strong>Deo</strong></span> <span class='ocrx_word' id='word_1_263' title='bbox 337 4232 454 4309; x_wconf 75' lang='lat' dir='ltr'><strong>gratias.</strong></span> 
     </span>
    </p>
   </div>
   <div class='ocr_carea' id='block_1_10' title="bbox 522 4429 815 4580">
    <p class='ocr_par' dir='ltr' id='par_1_30' title="bbox 522 4429 815 4580">
     <span class='ocr_line' id='line_1_43' title="bbox 522 4429 815 4580; baseline 0.017 -94"><span class='ocrx_word' id='word_1_264' title='bbox 522 4429 539 4457; x_wconf 81' lang='lat'><em>*</em></span> <span class='ocrx_word' id='word_1_265' title='bbox 560 4430 815 4580; x_wconf 42' lang='lat' dir='ltr'><strong>Notip&#39;theMS</strong></span> 
     </span>
    </p>
   </div>
   <div class='ocr_carea' id='block_1_11' title="bbox 0 0 1486 4928">
    <p class='ocr_par' dir='ltr' id='par_1_31' title="bbox 0 0 1486 4928">
     <span class='ocr_line' id='line_1_44' title="bbox 0 0 1486 4928; baseline 0 1"><span class='ocrx_word' id='word_1_266' title='bbox 0 0 1486 4928; x_wconf 95' lang='lat' dir='ltr'><strong> </strong></span> 
     </span>
    </p>
   </div>
  </div>
 </body>
</html>
