3022 4966
573 334 676 401 Faria
692 331 832 416 Quarta.
1247 333 1310 397 153

170 516 281 578 Oratio.

164 613 286 688 Praesta,
302 632 478 691 quaesumus,
493 612 679 690 omnipotens
699 614 789 686 Deus,
812 610 916 689 utqui
933 612 1028 670 beatae
1050 610 1089 670 N.
1104 609 1244 687 martyris
1263 608 1311 667 tui

102 710 242 771 natalitia
260 711 392 783 colimus,
417 710 625 769 intercessione
648 710 712 788 ejus
735 711 767 768 in
791 710 839 767 tui
861 708 991 767 nominis
1010 727 1110 767 amore
1129 708 1309 767 roboremur.

104 806 167 868 Por
178 806 313 867 eundem.

410 984 462 1043 Ad
472 984 573 1044 altore
586 984 682 1043 eoacti
695 984 847 1044 Jokcaais
862 984 1010 1062 Baptista.

166 1063 350 1141 Aatiptcnc.

167 1160 255 1220 Inter
267 1167 353 1220 natos
366 1160 526 1220 mulierum
539 1181 600 1220 non
613 1163 744 1220 smrexit
758 1162 853 1239 major
866 1161 888 1220 J
889 1161 1006 1221 ohanne
1020 1159 1167 1238 Baptista.

110 1257 143 1319 V.
163 1257 396 1338 (sooerdcmlcc)
420 1258 492 1317 Fuit
504 1258 593 1316 homo
606 1259 713 1317 missus
726 1279 745 1316 a
762 1259 836 1332 Deo,
851 1259 897 1318 cui
911 1277 1020 1317 nomen
1033 1262 1098 1315 erat
1111 1256 1133 1315 J
1134 1255 1273 1314 ohannes.

171 1354 281 1415 Oratio.

168 1450 290 1526 Praesta,
305 1470 484 1529 quaesumus,
499 1450 684 1528 omnipotens
698 1450 790 1525 Dcus,
805 1457 841 1509 ut
854 1450 968 1509 familia
982 1455 1035 1508 tua
1047 1447 1192 1526 perviam
1204 1445 1310 1505 salutis

105 1548 233 1622 incedat,
250 1555 281 1607 ct
301 1549 382 1608 boati
394 1548 417 1607 J
417 1549 542 1608 ohannis
555 1549 744 1626 praecursoris
762 1549 809 1608 tui
822 1549 1011 1608 hortamenta
1029 1545 1168 1606 sectando
1186 1545 1224 1603 ad
1244 1562 1313 1602 eum

106 1663 196 1731 quem
209 1644 349 1722 pradixit
363 1664 465 1704 secura
479 1646 634 1723 perveniat
647 1646 814 1705 Dominum
827 1653 963 1706 nostrum
977 1644 999 1703 J
1000 1663 1083 1704 esum
1097 1642 1260 1702 Christum.

534 1864 580 1923 Dc
592 1873 695 1924 saneta
708 1863 889 1923 Kotlccsiao.

170 1945 352 2023 Antiplwac.

172 2042 282 2101 Inclita
299 2047 408 2101 sanctae
430 2040 554 2119 virginis
576 2041 753 2100 Katharinae
776 2040 931 2099 sollemnia
951 2039 1092 2117 srrscipiat
1109 2038 1247 2096 alacriter
1267 2036 1318 2113 pia

112 2144 209 2199 mater
227 2138 367 2197 Ecclesia
409 2139 478 2197 Avo
499 2138 584 2216 virgo
605 2137 670 2196 Deo
690 2138 780 2214 digna
789 2156 799 2210 3
819 2156 874 2196 ave
893 2135 988 2194 dulcis
1009 2140 1039 2193 et
1059 2135 1195 2211 benigna,
1216 2131 1318 2190 obtine

111 2235 198 2297 nobis
210 2235 326 2314 gaudia,
341 2255 408 2313 quae
421 2235 550 2312 possides
564 2254 631 2293 oum
644 2233 746 2311 gloria.

173 2332 250 2393 Item
263 2334 298 2392 dc
311 2342 414 2392 sancta
427 2331 607 2390 Kastacioo.

174 2428 357 2506 Antiphone.

174 2526 270 2604 Virgo
280 2531 381 2585 sancta
391 2524 571 2600 Katharina,
582 2524 702 2587 Gracia
709 2543 833 2604 gomma,
844 2523 917 2581 urbs
928 2519 1138 2580 Alexandrina
1148 2518 1233 2578 Costi
1242 2517 1320 2597 regis

116 2629 182 2686 erat
193 2623 262 2681 filia.

119 2718 151 2779 V.
172 2718 401 2797 (sacerdotalis).
424 2719 526 2796 Specie
539 2726 594 2777 tuo
607 2725 638 2777 et
652 2717 873 2796 pulchritudine
885 2722 947 2775 tua

178 2814 287 2875 Oratio.

177 2911 268 2985 Deus,
283 2912 337 2989 qui
350 2911 459 2970 dedisti
469 2911 563 2989 legem
575 2911 675 2991 Moysi
685 2911 717 2969 in
728 2911 899 2970 summitate
913 2909 1023 2970 montis
1033 2908 1124 2983 Sinai,
1136 2914 1167 2968 ct
1176 2908 1210 2966 in
1220 2905 1322 2966 eodcm

115 3008 180 3068 loco
193 3027 246 3086 per
262 3007 381 3086 angelos
396 3012 463 3066 tuos
483 3026 588 3084 corpus
610 3007 704 3065 beatae
725 3007 903 3066 Kathsrinse
922 3005 1046 3085 virginis
1060 3012 1091 3064 et
1103 3004 1244 3082 martyris
1263 3008 1324 3060 tuac

118 3104 296 3177 mirabiliter
303 3104 452 3164 collocasti
458 3124 468 3178 3
480 3110 596 3181 praesta,
602 3123 779 3181 quaesumus,
787 3110 821 3163 ut
829 3104 892 3181 ejus
902 3103 1017 3162 maritis
1027 3109 1058 3161 et
1065 3100 1324 3161 intercessionibus

117 3203 157 3264 ad
170 3210 303 3264 montem
317 3204 369 3281 qui
383 3203 519 3263 (lhristus
533 3207 579 3261 est
592 3202 743 3260 valeamus
756 3201 920 3277 pervenire.
963 3200 1023 3270 Qui
1036 3205 1142 3259 tecum.

451 3429 497 3489 Dc
511 3437 612 3488 sancto
628 3427 749 3497 Ptousa,
765 3423 985 3485 Corttucricaai.

180 3510 365 3589 Accipiam„

181 3608 288 3667 Pastor
301 3606 431 3666 caesusin
439 3605 535 3684 gregis
545 3604 642 3662 medio
652 3620 754 3681 pacem
768 3599 842 3658 emit
850 3598 962 3657 cruoris
972 3597 1085 3675 pretio;
1109 3597 1136 3656 Ο
1150 3596 1235 3654 lactus
1242 3594 1326 3655 dolor

120 3703 248 3765 intristi
261 3703 379 3780 gaudio,
394 3722 468 3781 grex
481 3702 607 3778 respirat
620 3704 737 3777 pastore
750 3702 877 3768 mortuo,
896 3695 1038 3772 plangens
1051 3693 1167 3770 plaudit
1180 3697 1275 3750 mater
1293 3692 1341 3769 iu·

121 3801 193 3875 filio,
208 3801 279 3878 quia
291 3800 369 3859 vivit
383 3801 478 3858 victor
491 3799 548 3856 sub
561 3797 667 3875 gladio.

127 3898 157 3959 V.
181 3898 410 3977 (sacerdotalis).
433 3897 536 3957 Gloria
549 3901 580 3953 et
593 3894 703 3952 honore
716 3890 863 3951 coronasti
877 3909 953 3960 eum,
968 3886 1106 3947 Domine.

186 3994 296 4055 Oratio.

184 4091 275 4167 Deus,
290 4111 344 4169 pro
357 4091 442 4167 cujus
456 4087 588 4147 Ecclesia
600 4085 744 4164 gloriosus
757 4083 892 4162 pontifex
906 4090 937 4144 et
955 4089 1070 4161 martyr
1082 4081 1210 4140 Thomas
1223 4077 1328 4158 gladiis

122 4188 283 4266 impiorum
306 4187 464 4259 occubuit;
493 4191 609 4262 praesta,
624 4202 801 4261 quaesumus,
823 4187 860 4240 ut
886 4200 988 4240 omnes
1010 4179 1063 4257 qui
1083 4179 1147 4256 ejus
1167 4175 1329 4254 implorant

121 4285 271 4346 auxilium
284 4284 438 4362 petitionis
451 4302 511 4342 suae
521 4281 679 4341 salutarem
690 4284 907 4355 consequantur
917 4277 1061 4336 effectum.
1104 4272 1164 4332 Per
1176 4272 1330 4333 Christum

124 4382 297 4442 Dominum
