3022 4966
266 353 308 419 ss
593 345 1145 433 oruassuonsaspomuu

264 537 384 590 maneat
394 530 447 588 uni
457 531 544 589 thoro
552 531 661 607 juncte
671 549 680 601 ;
701 534 855 587 contectus
867 528 989 586 illicitos
1001 528 1115 606 sugiet5
1135 529 1255 587 muniat
1266 529 1481 594 infirmitatem

262 646 348 687 suem
371 629 477 686 robore
504 627 675 704 disciplinae.
729 627 778 685 Sit
801 626 980 685 verecundis
1006 627 1114 704 gravis,
1144 627 1256 703 pudore
1281 630 1477 706 venerabilis,

262 724 428 784 cselestibus
456 723 599 782 doctrinis
625 724 761 796 erudita;
791 724 832 782 sit
859 723 993 782 faecunde
1019 725 1053 782 in
1080 724 1197 796 sobolc;
1227 725 1269 781 sit
1292 727 1421 802 probata
1446 734 1479 786 et

262 820 422 894 innocens;
443 827 473 879 et
490 821 528 879 ad
546 821 701 879 beatorum
721 822 855 898 requiem
876 827 967 897 utque
987 820 1026 878 sd
1048 820 1176 878 caelestie
1196 841 1287 898 regne
1307 825 1477 899 perveniet,

262 925 296 977 ct
318 918 419 977 videet
445 919 522 976 filios
549 919 680 978 filiorum
707 937 830 977 suorum
853 937 948 994 usque
974 918 1007 976 in
1031 918 1153 976 tertiam
1179 923 1211 975 et
1237 930 1380 995 quartem
1408 940 1477 998 pro-

261 1015 388 1093 geniem,
402 1022 433 1075 et
446 1016 485 1074 ed
498 1023 631 1094 optatam
645 1017 803 1094 perveniet
822 1022 1013 1075 senectutem.
1056 1015 1117 1074 Per
1130 1016 1284 1074 Christum
1304 1017 1475 1077 Dominum

261 1119 411 1171 nostrum.
872 1116 875 1121 '

324 1210 409 1268 rute
423 1209 564 1269 Sacerdos
576 1229 729 1268 mucrore
742 1210 783 1268 ad
800 1209 894 1268 altare
913 1217 1043 1268 resumat
1046 1207 1213 1297 fractiones
1226 1209 1426 1270 Eucharistioe
1439 1213 1474 1270 in

260 1306 399 1366 meatibus
411 1307 482 1378 cuis,
496 1316 523 1365 et
537 1307 616 1366 dicat
625 1331 634 1366 :
655 1306 721 1365 Pex
735 1306 859 1366 Domini
873 1307 914 1364 sit
926 1326 1041 1384 semper
1054 1308 1216 1364 vobiscum.

320 1405 429 1482 Agnus
443 1405 502 1464 Dei
516 1405 569 1481 qui
583 1404 664 1463 tollis
677 1410 798 1480 peccate
810 1402 924 1475 mundi,
939 1404 1077 1462 miserere
1090 1404 1184 1462 nobis.

320 1501 429 1577 Agnus
442 1501 502 1559 Dei
515 1501 569 1578 qui
582 1500 662 1558 tollis
676 1506 795 1576 peccate
808 1498 921 1572 mundi,
937 1499 1076 1558 miserere
1088 1501 1182 1559 nobis

321 1597 430 1674 Agnus
444 1599 504 1656 Dci
517 1599 571 1674 qui
584 1597 665 1656 tollis
679 1603 799 1674 peccate
812 1597 925 1670 mundi,
940 1596 1019 1655 done
1032 1598 1119 1655 nobis
1132 1616 1242 1674 pacem

322 1695 398 1753 Haec
412 1703 597 1753 sacrosancte
605 1695 780 1753 commixtio
791 1694 931 1771 Corporis
941 1700 973 1753 et
983 1694 1143 1773 Sanguinis
1154 1694 1278 1754 Domini
1288 1695 1385 1755 nostri
1395 1697 1420 1757 J
1420 1716 1472 1756 esu

260 1789 374 1849 (thrissi
387 1792 440 1849 fiat
459 1791 546 1850 nobis
558 1798 590 1849 et
602 1793 739 1850 omnibus
760 1791 946 1849 sumentibus
959 1792 1038 1850 selus
1058 1792 1166 1850 mentis
1180 1800 1211 1851 et
1231 1794 1372 1871 corporis,
1387 1800 1421 1852 et
1432 1794 1471 1853 sd

260 1887 353 1943 vitem
363 1893 504 1945 aeternnm
512 1888 717 1965 capessendam
726 1890 903 1965 praeparatio
911 1889 1057 1948 saluteris.
1100 1889 1292 1948 Pereundem
1302 1890 1471 1949 Dominum

258 1990 395 2042 nostrum
418 1984 524 2044 Jesum
545 1985 706 2058 Christum,
728 1985 841 2043 Filium
861 1992 957 2057 tuum,
972 1987 1025 2064 qui
1045 1993 1144 2045 tecum
1164 1988 1245 2045 vivit
1264 1993 1296 2046 ct
1315 1995 1424 2067 regnst
1437 1989 1470 2047 in

258 2083 376 2141 unitate
390 2083 520 2160 Spiritus
533 2083 635 2142 Sancti
649 2084 739 2142 Deus
783 2083 842 2141 Per
855 2085 955 2142 omnic
967 2084 1074 2142 saecule
1085 2084 1268 2143 saeculorum.

319 2180 440 2239 Habete
452 2180 607 2240 vinculum
619 2181 700 2257 pacis
714 2187 745 2237 et
754 2180 896 2250 caritatis,
908 2188 944 2239 ut
953 2182 1018 2258 epti
1031 2182 1097 2240 sitis
1111 2182 1303 2241 sacrosanctis
1316 2184 1469 2261 mysteriis

259 2272 326 2332 Dei.

317 2371 378 2431 Hic
390 2382 515 2449 serpant
528 2373 565 2432 ab
578 2372 709 2431 cratim
728 2390 852 2448 sponsus
865 2382 891 2430 et
909 2392 1024 2449 spem,
1046 2382 1073 2432 ct
1085 2373 1212 2449 occipiat
1231 2393 1357 2450 speruus
1366 2395 1469 2452 pacem

255 2489 276 2529 o
288 2467 440 2530 Sacerdote
454 2481 480 2529 et
492 2470 577 2546 serat
590 2490 709 2547 pomos,
725 2469 860 2529 ossuum
872 2489 946 2541 com,
960 2478 986 2527 ct
998 2470 1143 2528 neminem
1156 2471 1260 2543 ulium,
1275 2491 1328 2530 nec
1342 2472 1405 2550 ipse
1418 2493 1468 2532 uec

255 2565 344 2642 ipso:
377 2569 428 2625 scd
448 2568 568 2627 clericus
587 2569 689 2627 statim
709 2589 729 2626 a
743 2567 903 2644 praebuero
918 2588 1021 2644 pacem
1041 2568 1185 2644 occipiens
1195 2567 1282 2645 ferat
1301 2570 1375 2631 aliis
1392 2573 1467 2632 ciust

237 2665 239 2670 ’
257 2662 377 2722 solitum
391 2672 438 2721 cst.

319 2761 454 2817 Oremus.

317 2856 455 2928 Domine,
471 2863 571 2914 sancte
585 2857 684 2931 Peter,
700 2861 886 2937 omnipotens
900 2866 1009 2919 aeterne
1024 2863 1115 2931 Deus,
1130 2862 1168 2919 da
1178 2862 1336 2956 nobishoc
1352 2865 1465 2944 Corpus

256 2957 288 3011 et
312 2952 493 3028 Sanguinem
521 2954 592 3012 Filii
612 2957 667 3030 tui,
691 2958 814 3017 Domini
837 2959 942 3031 nostri,
966 2959 989 3016 J
991 2978 1042 3016 esu
1070 2959 1192 3032 Christi,
1221 2961 1265 3019 ite
1292 2982 1414 3023 sumere
1431 2971 1465 3023 ut

258 3068 424 3108 mereamur
449 3070 503 3127 per
528 3052 584 3111 hoc
611 3055 813 3113 remissionem
843 3063 1031 3133 peccatorum
1063 3065 1233 3115 nostrorum
1264 3059 1410 3136 accipere,
1437 3068 1467 3119 et

256 3152 310 3204 tuo
338 3147 446 3205 Sancto
474 3148 589 3224 Spiritu
616 3152 744 3229 repleri;
773 3154 845 3229 quis
871 3160 905 3211 tu
930 3174 961 3211 cs
985 3155 1068 3211 Deus
1091 3159 1123 3211 et
1146 3160 1254 3231 praeter
1278 3160 1309 3212 te
1335 3176 1398 3215 non
1421 3166 1465 3216 est

255 3243 333 3302 slius
360 3244 419 3301 nisi
444 3250 479 3303 tu
503 3248 588 3305 eolus.
640 3249 701 3319 Qui
725 3249 802 3307 vivis
826 3257 857 3308 et
880 3270 985 3326 regnes
1010 3250 1100 3308 Deus.
1150 3250 1209 3309 Por
1232 3252 1337 3311 omnin
1360 3254 1464 3314 saeculs

255 3341 438 3401 seculorum.
481 3344 590 3403 Amen.

314 3437 468 3516 Perceptio
493 3442 622 3518 corporis
642 3450 673 3501 et
702 3445 855 3521 sanguinis
884 3445 937 3519 tui,
961 3446 1090 3504 Domine
1118 3444 1193 3504 Jesu
1221 3445 1354 3519 Christe,
1376 3469 1461 3529 quam

250 3533 392 3613 indignus
400 3557 518 3595 sumere
530 3558 685 3615 praesumo,
697 3560 759 3598 non
769 3542 844 3598 mihi
854 3543 956 3599 veniet
966 3543 1004 3599 ud
1014 3543 1162 3618 judicium
1172 3561 1227 3600 nec
1239 3543 1279 3600 sd
1290 3546 1464 3606 condemno

251 3632 384 3706 tioncm3
418 3635 469 3691 sed
494 3654 547 3710 pro
572 3643 626 3693 tus
649 3637 760 3712 pietate
784 3640 878 3714 prosit
906 3637 980 3696 mihi
1004 3640 1042 3696 ud
1070 3646 1275 3698 tutamentum
1302 3644 1415 3703 unimus
1436 3650 1464 3703 et

250 3730 388 3805 corporis.
432 3730 493 3800 Qui
512 3751 580 3789 cum
601 3733 666 3792 Deo
687 3735 779 3793 Putre
799 3744 829 3793 ct
851 3736 966 3813 Spiritu
981 3737 1091 3795 Sancto
1105 3737 1184 3795 vivis
1204 3742 1236 3795 et
1248 3757 1362 3817 regnes
1376 3743 1463 3802 Deus

253 3823 312 3881 Per
325 3827 425 3883 omnis
438 3828 546 3884 soeculo
559 3830 742 3889 saeculorum.
782 3833 893 3891 Amen.

313 3920 442 3978 Domine
463 3922 553 3980 Jesus
576 3924 703 3999 Christe,
726 3929 786 3986 Fili
807 3930 864 3989 Dei
884 3931 957 4002 vivi,
978 3930 1031 4008 qui
1055 3950 1093 3989 ex
1114 3931 1273 3990 voluntate
1294 3932 1411 4010 Pseu,
1425 3955 1465 3996 oo

251 4023 393 4092 operante
407 4017 523 4092 Spiritu
537 4019 654 4094 Sancto,
666 4045 719 4100 per
729 4033 855 4084 mortem
870 4034 953 4085 tuum
968 4028 1113 4085 mundum
1127 4028 1298 4101 vivificasti,
1313 4031 1413 4093 libers
1423 4051 1466 4092 me

252 4130 306 4189 per
318 4112 374 4170 hoc
388 4132 502 4171 sscmm
517 4116 631 4194 Corpus
644 4128 675 4179 et
695 4123 876 4199 Sanguinem
890 4131 977 4182 tuum
991 4126 1029 4182 eb
1050 4126 1187 4182 omnibus
1204 4125 1426 4203 iniquitatibus
1440 4136 1467 4190 et

251 4211 400 4269 universis
415 4213 501 4270 malis
522 4216 595 4274 meis
606 4237 616 4290 3
636 4225 667 4277 et
679 4219 725 4278 fao
738 4241 785 4279 mc
799 4223 860 4280 tuis
881 4224 999 4282 obedire
1013 4224 1168 4300 praeceptis
1181 4229 1212 4280 et
1232 4243 1252 4281 o.
1261 4230 1296 4284 te
1308 4210 1466 4309 nunquam

249 4308 282 4368 in
296 4316 474 4386 perpetuum
488 4315 618 4389 seperari
631 4317 796 4393 permittes.
841 4320 982 4391 Quicum
998 4321 1062 4377 Deo
1076 4318 1168 4377 Patre
1182 4326 1214 4378 et
1228 4321 1342 4384 eodem
1353 4327 1465 4407 Spiritu

249 4407 359 4466 Sancto
382 4409 461 4467 vivis
485 4416 516 4469 et
533 4431 638 4490 regnes
660 4415 750 4473 Deus.
793 4417 854 4475 Per
872 4420 974 4477 omnis
993 4417 1100 4478 saeculs
1120 4418 1309 4481 saeculorum.
1358 4428 1463 4487 Amen
1510 4433 1511 4438 ’
