3022 4966
283 389 323 454 52
733 382 851 450 Ursatio
873 383 1043 448 Eatrcma.

278 565 340 627 nisi
359 567 394 626 de
415 565 527 626 vomita
548 566 593 626 vel
613 565 677 625 otia
698 565 887 625 irreverentia
903 563 1091 641 probabiliter
1112 564 1270 624 timeatur:
1292 565 1400 639 inquo
1419 586 1491 625 casa

278 661 420 725 Sacerdos
432 664 513 723 dicat
526 663 645 740 infirmo
659 664 721 724 sic:

304 793 307 804 =
339 760 452 831 Frater,
466 761 499 818 in
512 760 567 819 hoc
580 780 649 818 casu
669 760 779 819 sufficit
798 758 857 817 tibi
876 778 947 817 vers
966 757 1039 817 fides
1052 763 1084 817 et
1097 759 1176 817 bons
1188 756 1344 816 voluntas:
1366 763 1489 817 tantum

279 856 373 929 omde,
387 864 418 916 et
432 857 623 916 manducasti

337 959 397 1020 Isti
409 982 469 1021 non
482 962 582 1020 debera
594 981 705 1021 sanare
720 960 836 1038 Corpus
850 959 970 1019 Christi.

479 1057 562 1117 Dara
575 1059 664 1117 comit
676 1059 815 1134 infirmus
827 1077 888 1116 aon
901 1057 979 1116 dehet
992 1074 1103 1115 samen
1118 1054 1234 1132 Corpus

478 1154 611 1226 Christi,
631 1156 693 1214 aiei
705 1156 795 1214 credit
802 1177 815 1224 ;
836 1153 975 1213 eredendo
980 1153 1110 1229 fideliter
1122 1153 1187 1229 epit.

477 1252 596 1326 Ebrius,
611 1252 746 1326 insanus,
763 1272 907 1324 moneas,
921 1259 947 1310 et
960 1251 1036 1310 male
1047 1252 1173 1324 aedan,

405 1404 411 1409 .
476 1350 518 1407 Et
526 1349 636 1426 paeri,¹
660 1347 772 1426 Corpus
786 1348 897 1409 Christi
910 1369 971 1407 aon
984 1349 1145 1424 mopinot
1158 1346 1199 1405 ta.

475 1446 546 1505 Non
559 1447 620 1505 nisi
632 1466 726 1505 enasse
739 1446 825 1505 sant
836 1446 947 1522 aliquis
960 1445 1148 1505 cmmuaicet
1158 1463 1239 1520 aper.

333 1559 375 1617 Et
387 1568 458 1617 nota
471 1561 551 1635 qaod
562 1559 704 1618 Sacerdos
717 1558 856 1636 infimas
868 1568 894 1618 et
909 1559 1171 1618 communicandas
1183 1558 1327 1616 indicetur
1341 1557 1425 1616 stola.

336 1673 394 1732 Hic
407 1674 634 1734 communicetur
646 1674 794 1752 infirnus,
808 1675 960 1735 Sacerdote
974 1675 1084 1733 dicente
1097 1673 1149 1733 troc
1161 1674 1247 1732 rreodo
1257 1697 1267 1732 :

334 1769 447 1847 Corpus
461 1771 583 1829 Domini
597 1774 692 1830 nostri
705 1775 727 1832 J
728 1793 780 1831 esu
794 1773 908 1831 Christi
924 1771 1072 1830 custodiat
1085 1790 1192 1848 corpus
1205 1776 1293 1828 tuum
1307 1777 1338 1828 et
1351 1769 1483 1827 animam

271 1871 356 1927 tuam
369 1867 402 1925 in
415 1868 509 1926 vitam
523 1875 672 1928 aternam.
716 1871 825 1928 Amen.

332 1978 445 2038 Deinde
453 1981 533 2039 dicat
540 1981 682 2040 Sacerdos
690 1983 753 2040 sias
764 1982 913 2039 Dominus
923 1981 1075 2039 vobiscum
1086 1979 1136 2038 sed
1145 1986 1264 2037 tantam
1275 1999 1343 2038 cam
1354 1981 1482 2042 Oramus

267 2076 429 2137 asenam
455 2088 624 2154 septantam,
646 2080 725 2156 quod
751 2100 812 2138 nors
838 2079 950 2138 dicitur
969 2078 1031 2137 aiei
1052 2085 1169 2137 mecm
1196 2078 1315 2152 quoodo
1343 2079 1482 2155 infirmus

188 2220 190 2225 >
269 2175 502 2234 eornmam‘cetur.

331 2282 440 2342 Oratio.

327 2380 464 2454 Domine,
487 2389 588 2441 sancte
609 2382 709 2455 Pater,
730 2382 919 2458 omnipotens
939 2388 1049 2439 aeterne
1070 2378 1161 2450 Dens,
1180 2384 1212 2437 te
1232 2379 1360 2439 fideliter
1381 2382 1481 2461 depre

265 2492 368 2534 camur
381 2484 416 2535 ut
433 2479 503 2537 huic
524 2479 611 2537 fratri
630 2486 733 2537 nostro
747 2477 800 2550 N,
814 2478 973 2555 accipienti
992 2483 1212 2536 sacrosanctum
1232 2476 1348 2554 Corpus
1361 2484 1394 2537 et
1408 2479 1479 2538 Sun-

263 2572 385 2646 guinem
398 2573 420 2631 J
421 2594 473 2632 esu
488 2575 609 2647 Christi,
625 2576 698 2633 Filii
711 2576 766 2649 tui,
783 2575 908 2632 Domini
927 2575 1032 2645 nostri,
1046 2579 1109 2631 tam
1123 2573 1253 2652 corporis
1266 2592 1357 2650 quem
1370 2575 1478 2635 enimse

264 2667 304 2726 sit
317 2669 398 2726 salue
411 2670 603 2746 pereundam
618 2670 773 2730 Christum
787 2671 953 2730 Dominum
967 2677 1112 2729 nostrum.

328 2781 461 2840 Oremus.
507 2782 618 2841 Oratio.

324 2877 416 2950 Deus,
436 2878 488 2954 qui
508 2885 674 2954 peccatores
694 2886 725 2938 et
745 2881 888 2939 scelerum
909 2898 997 2939 onere
1018 2880 1169 2956 depressos
1188 2877 1392 2937 sacerdotibus
1413 2880 1474 2938 tuis

264 2974 417 3033 ostendere
433 2975 569 3049 jussisti:
592 2976 682 3048 Deus,
705 2977 757 3053 qui
778 2977 930 3054 discipulis
950 2977 1019 3048 tuis,
1042 2982 1077 3033 ut
1097 2976 1172 3033 bene
1192 2975 1347 3049 haberent,
1368 2995 1476 3034 manus

263 3091 352 3149 super
365 3073 497 3130 infirmos
511 3092 620 3149 ponere
633 3074 817 3151 praecepisti:
844 3075 936 3146 Deus,
953 3074 1005 3150 qui
1019 3093 1072 3151 per
1085 3072 1232 3150 apostolos
1252 3079 1320 3131 tuos
1341 3073 1475 3132 infirmos

262 3188 345 3229 sacro
364 3170 427 3228 oleo
448 3191 557 3248 ungero
571 3178 602 3229 et
616 3192 669 3249 pro
682 3173 725 3230 eis
739 3193 823 3231 orare
837 3172 982 3231 docuisti:
1008 3172 1098 3244 Deus,
1114 3172 1167 3248 qui
1185 3189 1239 3247 per
1251 3170 1474 3247 impositionem

262 3285 367 3325 manus
380 3269 565 3327 sacerdotum
579 3289 646 3327 cum
667 3271 714 3327 tni
728 3271 823 3328 sancti
836 3270 967 3327 nominis
988 3264 1187 3327 invocatione
1198 3275 1319 3345 peccata
1339 3268 1473 3327 relaxare

260 3362 401 3437 voluisti;
422 3366 529 3424 exaudi
552 3368 701 3424 orationes
722 3373 847 3439 nostras,
872 3374 903 3424 ct
926 3367 965 3423 da
988 3366 1058 3424 huic
1079 3365 1191 3423 famulo
1211 3370 1266 3422 tuo
1286 3363 1472 3424 infirmitatis

260 3479 340 3519 noxa
353 3480 490 3539 oppresso
502 3482 553 3540 per
562 3463 618 3521 hoc
628 3483 744 3521 sacrum
758 3463 944 3539 mysterium,
955 3462 1035 3538 quod
1048 3480 1102 3519 nos
1112 3459 1320 3531 famulostuos
1333 3460 1472 3536 indignos

259 3576 346 3635 egere
371 3560 500 3632 voluisti,
526 3560 729 3618 remissionem
750 3560 884 3617 omnium
914 3565 1100 3637 peccatorum
1112 3578 1121 3630 3
1150 3557 1294 3634 quatinus
1319 3575 1373 3633 per
1396 3556 1471 3615 hanc

258 3653 317 3712 olei
336 3657 444 3714 sacrati
457 3657 628 3714 unctionem
649 3663 680 3715 et
701 3657 839 3734 Corporis
852 3675 886 3714 ac
901 3655 1061 3732 Sanguinis
1075 3654 1121 3712 tui
1141 3652 1363 3730 perceptionem
1382 3659 1471 3730 atque

259 3770 365 3809 manus
384 3759 494 3812 nostres
514 3754 736 3831 impositionem
756 3759 864 3813 cuncta
888 3754 916 3810 ci
939 3753 1072 3811 facinora
1092 3750 1195 3810 Sancti
1216 3749 1349 3826 Spiritus
1373 3750 1471 3827 gratie

258 3847 439 3921 relaxentur,
464 3852 609 3908 sanitates
631 3851 739 3908 enimse
760 3856 792 3908 et
812 3850 942 3926 corporis
962 3849 1161 3907 restituantur
1172 3866 1182 3920 3
1205 3851 1324 3904 utnon
1352 3845 1420 3924 plus
1442 3846 1470 3904 ei

186 3942 189 3949 ’
258 3953 364 4003 noceat
376 3948 555 4006 conscientia
568 3955 668 4007 reatus
680 3949 728 4007 sui
741 3948 780 4006 ad
792 3968 917 4025 poenam,
926 3967 1016 4025 quam
1024 3945 1211 4022 indulgentia
1224 3950 1256 4002 et
1269 3944 1470 4003 moonciliatio

258 4041 296 4099 ad
311 4043 438 4100 veniam.
479 4043 538 4102 Per
551 4044 705 4103 Christum
720 4046 884 4104 Dominum
897 4052 1040 4103 nostrum.
1083 4045 1192 4102 Amen.

319 4154 355 4213 Si
368 4155 531 4232 Episcopus
551 4158 641 4229 adest,
665 4158 794 4217 &solvat
818 4160 972 4235 infirmam
993 4167 1019 4217 ct
1040 4157 1120 4216 dicat
1141 4156 1196 4215 Isos
1216 4155 1372 4215 orationes
1414 4137 1469 4215 Sisi

256 4261 364 4323 auam,
380 4251 519 4312 Sacerdos
531 4254 590 4313 hac
603 4254 749 4331 coopbcat
795 4255 905 4315 Oratio.

317 4361 465 4419 Dominus
477 4363 500 4420 J
501 4383 568 4420 esus
581 4363 718 4421 Christus
738 4365 818 4441 apud
832 4371 862 4424 te
880 4364 928 4439 sit,
942 4371 978 4423 ut
992 4372 1022 4423 te
1042 4363 1202 4438 defendat3
1221 4361 1304 4423 intra
1324 4367 1357 4420 te
1369 4361 1420 4434 sit,
1435 4368 1469 4419 ut

254 4469 285 4523 te
298 4460 411 4520 reficiat
422 4481 432 4536 ;
452 4461 530 4520 circs
544 4468 575 4519 te
588 4462 637 4535 sit,
653 4468 688 4520 nt
702 4468 733 4521 te
747 4471 899 4523 conservet
910 4485 920 4539 3
940 4472 1011 4523 ante
1024 4464 1061 4522 de
1074 4463 1124 4536 sit,
1138 4468 1174 4522 ut
1186 4467 1219 4520 te
1233 4460 1382 4534 deducat3
1403 4465 1468 4540 post
