3022 4966
508 369 557 434 In
571 367 627 434 die
641 367 773 437 Sonotoo
788 367 981 436 Tm'nitutio.

496 636 537 695 Iu
557 654 611 696 nin
632 637 760 696 Seuere
779 636 987 696 Tuumne*

200 806 252 867 Au
264 808 480 869 Prooeoeiomm
493 809 528 868 in
541 808 629 870 exitu.

200 905 434 984 Roopommium.
478 906 577 984 Stirpe
590 907 612 966 J
613 926 683 966 esse.

201 1091 243 1151 In
253 1091 350 1152 eundo
360 1092 595 1170 Remmnorinm.
629 1092 790 1152 Benedicat
803 1063 934 1154 noemam
950 1092 1102 1156 Veroionlo.
1139 1095 1243 1156 Glon'e
1253 1097 1347 1156 Petri.

139 1189 256 1250 Deinde
262 1192 323 1267 fiat
336 1190 478 1249 memorio
490 1191 526 1249 de
539 1199 642 1250 annoto
657 1189 758 1250 Conco.

201 1377 251 1436 Ad
262 1376 418 1438 introitum
432 1376 526 1440 Otom
539 1377 768 1457 Rotpmmminm
781 1379 816 1439 do
829 1378 937 1439 Sancto
952 1378 1013 1439 loci.

203 1472 264 1534 Iete
283 1474 354 1534 ordo
374 1481 500 1534 meatur
519 1474 553 1532 in
571 1473 703 1532 minimo
715 1472 811 1534 Fontis
824 1475 1043 1552 pmnoipolitne
1059 1477 1094 1535 in
1113 1469 1271 1537 Dominioo
1285 1498 1350 1540 con-

141 1569 318 1647 tinpentibue
344 1590 436 1646 noeque
463 1570 507 1629 od
533 1570 701 1630 Ademtum
727 1571 859 1644 Domini,
886 1572 938 1631 nbi
964 1573 1113 1633 Prooeeoio
1140 1593 1201 1634 non
1226 1575 1350 1636 liabetur
1439 1600 1441 1605 ’

135 1668 271 1746 proprio,
295 1688 360 1726 oum
381 1667 574 1744 Rnpomorio
596 1668 631 1727 de
653 1669 799 1728 Toinitote
820 1670 981 1729 emendum
1000 1671 1142 1730 ordinem.
1191 1671 1233 1731 In
1253 1673 1348 1733 eundo

140 1775 208 1825 onte
221 1786 333 1825 erucem
346 1764 519 1842 Antiplmno
528 1767 563 1824 de
577 1786 659 1825 emoce
667 1769 826 1826 seeundum
841 1767 980 1827 ordinem.
1023 1767 1066 1827 In
1079 1768 1243 1830 minmibuo
1255 1771 1350 1832 Foetie

140 1862 318 1942 Domlioibue
344 1863 379 1922 in
400 1863 566 1923 Dominicis
593 1864 823 1940 oomtinqentibin
849 1886 885 1924 on
911 1865 991 1924 onitn
1016 1864 1109 1927 Cleon
1134 1865 1246 1926 dieitur
1266 1868 1348 1928 ietnd

141 1961 375 2040 Roepmorium.

202 2059 290 2119 Felix
310 2078 439 2137 nomque
453 2078 493 2131 es,
509 2078 591 2117 soora
604 2060 690 2138 virgo
704 2059 813 2134 Merit,
830 2066 861 2119 et
874 2060 956 2119 omni
970 2060 1057 2119 leude
1070 2058 1252 2138 dignissimo,
1269 2061 1348 2132 Quin

141 2176 180 2215 ex
193 2161 224 2215 te
237 2162 320 2215 ortue
334 2163 380 2215 eet
393 2155 437 2214 eol
447 2155 575 2231 justitiae
591 2154 727 2213 Ohrietus
741 2155 824 2214 Deus
837 2161 946 2215 noster.

148 2251 178 2312 V.
201 2251 261 2310 Ore
274 2270 328 2328 pro
341 2250 473 2329 populo,
493 2250 644 2308 interveni
665 2269 719 2328 pro
744 2251 822 2309 clero
835 2271 845 2324 ;
867 2252 1015 2311 interoede
1027 2271 1082 2329 pro
1096 2252 1204 2310 devoto
1218 2251 1346 2312 femineo

201 2528 218 2559 ³*
238 2529 288 2587 sir
300 2527 383 2587 John
397 2527 546 2586 Lawson’e
561 2527 626 2585 MS.
641 2547 690 2585 :-

532 2634 572 2691 In
592 2632 691 2691 Fnsno
712 2633 742 2694 S.
765 2633 953 2694 Tunumns.

201 2738 253 2798 Au
264 2738 477 2799 Prooemioomm
490 2737 662 2815 Antiphone
673 2762 683 2799 .·
704 2735 802 2817 Stirps
815 2738 837 2798 J
838 2758 907 2799 esse.
950 2740 992 2799 Et
1005 2760 1104 2819 super.

147 2819 180 2882 V.
200 2819 296 2898 Virga
309 2820 375 2879 Dei.
418 2820 460 2877 Et
474 2838 570 2896 nuper.

201 2900 304 2960 Gloria
317 2899 403 2959 Petri
416 2905 447 2958 et
460 2898 538 2959 Filio
552 2906 583 2959 et
597 2901 723 2978 Spin'tui
737 2901 855 2962 Sancto.

147 2981 176 3042 V.
199 2981 273 3041 Poet
285 2987 404 3059 partum
417 2980 502 3058 virgo
515 2981 660 3040 inviolata
672 2983 881 3061 permansisti:

201 3062 259 3121 Dei
272 3062 418 3139 genetn'x,
432 3062 580 3121 intereede
590 3082 643 3139 pro
657 3065 750 3124 nobie

202 3143 316 3203 Oratio.

201 3223 394 3282 Famulorum
407 3226 537 3290 tuorum,
553 3238 730 3297 quaesumus,
745 3222 882 3296 Domine,
896 3224 1013 3284 delictis
1028 3226 1154 3300 ignosce,
1169 3232 1205 3284 ut
1223 3226 1275 3303 qui
1288 3227 1346 3285 tibi

139 3304 255 3381 plaeere
265 3303 302 3360 de
312 3301 428 3360 actibue
440 3299 550 3356 nostrie
563 3318 624 3355 non
634 3301 776 3373 velemus,
787 3305 944 3378 genetn‘oie
955 3305 1026 3362 Filii
1040 3305 1164 3363 Domini
1178 3306 1237 3365 Dei
1250 3306 1346 3365 nostri

140 3382 348 3442 intercessione
361 3378 520 3435 salvemur.
562 3376 621 3433 Per
634 3380 761 3437 eundem
775 3381 935 3441 Christum.
1088 3397 1093 3407 ’

202 3456 437 3535 Emporium-ium.
479 3455 648 3516 Benedicat.
692 3456 733 3516 Et
746 3465 891 3518 metuont.

147 3541 178 3603 V.
202 3542 294 3599 Deue.

201 3619 243 3678 In
255 3615 382 3676 introitu
395 3614 487 3678 Ultori
495 3616 746 3695 Boepoonmium:
766 3618 954 3680 Benedictue

147 3700 177 3760 V.
200 3697 386 3776 Replebitur.

147 3777 176 3841 V.
199 3778 413 3839 Bonediuamue
426 3779 547 3841 Putrem
560 3787 591 3840 et
605 3781 718 3840 Filium
731 3800 799 3840 oum
812 3779 922 3840 saneto
936 3779 1051 3858 Spiritu
1065 3800 1073 3840 z

201 3860 370 3920 Laudemus
383 3867 414 3921 et
426 3862 678 3940 superexaltemus
692 3881 760 3921 eum
773 3862 806 3920 in
819 3861 933 3922 eaeoule.

200 3943 336 4004 Oremue.

199 4019 396 4102 omnipotens
416 4023 592 4102 sempiterne
606 4025 697 4096 Deus,
713 4024 765 4101 qui
785 4023 893 4083 dedisti
914 4022 1000 4083 nobie
1013 4021 1133 4084 famulis
1152 4024 1214 4085 tuie
1228 4026 1260 4085 in
1273 4018 1341 4088 eou-

139 4104 264 4165 sessione
284 4125 361 4163 verte
381 4105 451 4164 fidei
470 4111 587 4164 aenmae
607 4104 763 4163 Tninitatie
783 4105 908 4182 gloriam
927 4124 1091 4184 egnoeoere,
1107 4112 1139 4166 et
1158 4106 1192 4165 in
1211 4111 1346 4185 potentio

138 4186 303 4263 majestatie
322 4185 444 4243 adorere
464 4187 610 4244 unitatem
621 4206 630 4259 3
650 4204 827 4262 quesumus,
850 4191 885 4244 ut
904 4187 1035 4264 ejusdem
1056 4186 1125 4246 fidei
1145 4187 1287 4250 firmitate
1307 4192 1346 4253 ab

138 4266 277 4325 omnibus
290 4266 460 4323 muniamur
470 4266 609 4324 adversis.
653 4265 718 4324 Per.

199 4345 288 4404 Istud
297 4345 524 4423 Reepmnooinm
536 4365 655 4421 ecquem
664 4346 782 4405 dicotur
791 4346 874 4408 tertio
888 4345 947 4408 loeo
957 4348 1004 4410 die
1019 4347 1200 4411 Anionem
1214 4359 1344 4413 tontum:

199 4425 361 4500 Memento,
377 4445 484 4504 quaeeo,
495 4426 632 4498 Domine,
642 4425 722 4501 quod
731 4427 809 4487 eiout
822 4428 921 4487 lutum
930 4428 1033 4490 feeerit
1045 4449 1093 4491 me
1101 4438 1133 4490 et
1145 4432 1178 4490 in
1192 4432 1345 4511 pulvemm
