3022 4966
272 343 321 410 Ic
334 342 527 411 Dmnioicis
543 344 660 412 dotus
672 367 778 432 ueqw
792 346 840 413 ad
852 346 1051 414 Adventum
1063 346 1218 414 omnint.
1308 353 1372 416 193

329 524 362 585 V.
384 525 424 584 In
437 546 510 586 cens
522 528 653 587 residem
667 548 773 607 corpus
786 549 855 588 cum
868 531 1012 609 sanguine
1024 549 1151 604 sumens,

417 623 587 701 Discipulos
599 626 693 702 pavit,
708 627 833 702 mystice
846 627 924 686 done
936 626 1027 687 dedit.

785 724 904 785 olom.
947 724 1043 783 Solve.

331 847 362 908 V.
384 847 512 908 Intactae
525 851 629 908 matris
643 857 732 909 ustus
746 852 892 929 sepientis
905 852 1015 925 Patris,

419 943 544 1004 Ooustst
557 947 590 1005 in
603 947 693 1005 alteri
705 947 829 1006 victims
841 967 912 1007 vers
926 948 992 1007 Dei

782 1042 906 1103 Chorus.
949 1044 1042 1103 Solve

328 1167 359 1228 V.
382 1169 421 1226 Iu
435 1189 520 1229 cruce
532 1171 678 1248 regnavit,
693 1172 821 1230 moriens
834 1177 961 1231 mortem
974 1173 1135 1250 superavit,

417 1266 460 1324 Et
472 1267 578 1325 mundi
590 1269 719 1327 maculas
729 1270 848 1347 sanguis
861 1276 893 1328 et
905 1270 986 1328 unda
999 1268 1083 1328 levit.

781 1365 903 1426 Clam
947 1366 1042 1425 salve.

328 1490 357 1549 V.
380 1490 498 1550 Palmae
512 1494 656 1566 extendit,
671 1495 767 1553 vitem
780 1515 834 1573 pro
847 1502 943 1554 morte
955 1496 1100 1573 rependit,

416 1584 490 1643 Post
502 1586 637 1644 triduum
652 1606 774 1665 surgens
787 1609 893 1665 corpus
906 1589 944 1646 sd
955 1589 1016 1646 elta
1030 1588 1151 1646 vehens.

778 1683 901 1744 Udones.
944 1683 1041 1742 Salve.

326 1809 356 1870 V.
379 1810 558 1888 Perpetuam
571 1815 713 1890 requiem,
729 1820 763 1870 tu
776 1813 843 1872 fons
857 1819 888 1871 et
901 1813 984 1890 origo
997 1813 1153 1884 bonorum,

413 1908 506 1967 Hunc
520 1911 664 1969 servando
678 1911 800 1968 chorum
814 1911 852 1967 da
865 1911 928 1967 sine
941 1915 1027 1966 nocte
1041 1909 1128 1966 diem.

778 2004 900 2064 Cleonis.
943 2004 1039 2063 Salve.

215 2129 268 2189 Ad
274 2131 431 2191 introitum
445 2133 545 2193 olori.
591 2135 827 2211 Responsum.

216 2227 307 2287 Unus
327 2231 412 2307 panis
432 2237 463 2288 et
480 2250 576 2288 uuum
592 2250 698 2308 corpus
716 2230 805 2288 multi
825 2249 927 2288 sumus
946 2229 1057 2288 Omnes
1076 2227 1128 2305 qui
1153 2229 1190 2286 de
1208 2247 1268 2287 uno
1287 2248 1363 2307 pune

155 2324 237 2384 etde
250 2346 311 2384 uno
324 2328 414 2386 calice
427 2328 650 2404 participemus.

160 2419 191 2480 V.
214 2421 378 2481 Psmstiin
402 2424 557 2482 dulcedine
570 2430 623 2482 tua
637 2423 769 2500 pauperi,
784 2423 875 2497 Deus,
891 2423 943 2499 qui
963 2423 1098 2481 habitare
1111 2422 1183 2481 focis
1206 2424 1361 2483 unanimes

153 2520 188 2577 in
202 2518 297 2580 domo.
342 2519 460 2579 Omnes.

217 2616 320 2676 Oloris
333 2616 418 2676 Patri
429 2624 459 2676 et
474 2618 552 2676 Filio
566 2624 597 2677 ct
611 2618 738 2697 Spiritui
753 2617 869 2676 Sancto.
907 2618 1024 2676 Omnes.

308 2884 348 2942 In·
369 2884 539 2943 Doumrcis
560 2901 671 2943 niueos
692 2901 793 2954 uscos
813 2900 855 2941 sn
876 2885 1057 2944 Anvsnnuu
1079 2883 1208 2943 Donuu.

214 3052 257 3113 In
270 3055 350 3113 exitu
364 3055 462 3115 Ultori.
505 3056 684 3134 Antiphone.

214 3152 328 3210 Anima
345 3173 411 3212 mes
431 3154 590 3230 liquefacto
603 3163 656 3228 est,
676 3162 711 3213 ut
731 3155 857 3214 dilectus
876 3155 993 3214 locutus
1013 3162 1079 3229 est;
1099 3155 1231 3232 quaesivi,
1251 3163 1281 3213 et
1298 3175 1359 3214 non

152 3249 256 3308 inveni
269 3251 374 3324 illum3
394 3252 505 3322 vocavi,
527 3259 558 3311 et
574 3273 634 3311 non
655 3254 807 3330 respondit
828 3253 910 3311 mihi.
954 3254 1143 3311 Invenerunt
1156 3272 1203 3309 me
1224 3252 1358 3310 custodes

153 3346 292 3420 civitatis,
307 3355 516 3424 percusserunt
528 3369 576 3407 me
590 3356 620 3407 et
641 3350 874 3408 vulneraverunt
894 3368 949 3420 me,
964 3349 1101 3407 tulerunt
1120 3347 1245 3422 pallium
1259 3366 1358 3404 meum

153 3444 287 3503 custodes
311 3465 474 3503 murorum.
515 3447 601 3504 Filioe
629 3446 829 3518 Hierusalem,
853 3445 992 3502 nuntiate
1019 3443 1136 3514 dilecto,
1160 3442 1231 3516 quie
1258 3460 1357 3499 amore

152 3539 288 3621 ungas...
744 3611 748 3617 .

212 3633 255 3692 In
268 3636 551 3712 temporcPascdoli.
596 3636 747 3712 Alleluya.

213 3731 390 3808 Antiphone.

212 3827 288 3887 Tota
300 3829 424 3906 pulchra
437 3850 477 3902 es,
492 3830 585 3887 amica
599 3849 673 3903 meo,
690 3834 721 3886 ot
734 3826 850 3885 macule
862 3845 923 3883 non
937 3824 1028 3883 estin
1042 3828 1088 3897 to;
1107 3823 1194 3881 favus
1208 3821 1356 3882 distillans

150 3924 230 3984 labis
248 3932 310 4000 tus,
325 3927 384 3985 mel
404 3934 435 3986 et
455 3928 500 3986 lec
520 3928 575 3985 sub
595 3928 698 4005 lingua
717 3933 780 3996 tue,
794 3925 866 3983 odor
886 3928 1106 4000 unguentorum
1127 3926 1247 3978 tuorum
1267 3939 1356 3998 super

150 4022 251 4081 omnia
263 4031 396 4083 aromata
406 4046 415 4098 3
432 4026 496 4102 jam
515 4024 594 4082 enim
614 4025 709 4082 hiems
727 4022 856 4093 transiit,
877 4020 973 4078 imber
992 4018 1069 4076 abiit
1081 4024 1112 4077 et
1126 4016 1253 4090 recessit,
1269 4018 1355 4078 flores

149 4129 360 4197 apparuerunt,
375 4122 469 4179 vineae
484 4121 622 4179 florentes
636 4121 756 4179 odorem
770 4118 922 4188 dederunt,
935 4122 966 4174 et
981 4134 1039 4172 vox
1050 4113 1178 4172 turturis
1191 4113 1295 4171 su‘dits
1308 4119 1354 4173 cst

148 4216 183 4274 in
203 4222 284 4276 terra
307 4224 416 4277 nostra.
470 4216 572 4293 Surge,
595 4235 729 4294 propere,
754 4215 849 4274 amics
873 4232 946 4286 mes,
968 4210 1038 4271 veni
1061 4209 1099 4269 de
1120 4208 1254 4283 Libsn05
1274 4209 1354 4283 veni,

149 4316 343 4373 coronaberis.

210 4408 253 4469 In
267 4419 389 4488 tenurore
403 4409 547 4470 Pasctalt
591 4406 741 4485 Alleluys.

740 4521 763 4563 u
