3022 4966
142 329 202 392 42·
490 324 835 392 Manualemiitsum
848 324 985 390 Susum.

143 493 306 570 contempsi
326 498 447 570 propter
467 511 596 550 umorem
619 491 743 550 Domini
764 491 824 549 mei
840 491 863 549 J
864 509 916 549 esu
930 489 1053 564 Christi,
1067 508 1156 567 quem
1168 490 1246 562 vidi,
1262 509 1356 568 quem

143 574 249 644 amavi,
259 593 348 650 quem
362 573 481 644 credidi,
495 591 582 648 quem
597 572 697 631 dilexi.

210 655 319 712 Versus.
363 654 522 710 Eructavit
535 672 584 711 cor
597 672 696 710 mcum
709 652 833 710 verbum
855 651 984 710 bonum:
1010 651 1076 710 «lico
1096 670 1159 728 ego,
1173 671 1267 728 opere
1286 671 1356 710 mee

144 734 214 812 regi.
259 734 354 803 Quem
368 734 439 791 vidi

206 814 270 884 Quo
284 823 400 872 morteto
414 834 480 872 meru
500 813 597 883 Versu,
612 813 773 889 Episcopus
786 812 831 871 eet
842 811 982 871 Sacerdos
995 811 1075 870 dicat
1083 836 1094 871 :

206 894 370 952 Dominum
384 895 535 952 vobiscum
551 904 576 951 et
590 894 725 953 Oremus.
769 893 880 952 Oratio.

206 975 359 1052 Rogamus
381 982 421 1047 te,
445 976 583 1045 Domine,
608 980 709 1032 sancte
730 974 831 1046 Pater,
853 974 1039 1050 omnipotens
1065 978 1175 1030 aeterne
1196 971 1294 1044 Deus,
1317 980 1356 1030 nt

146 1074 234 1132 snper
262 1057 341 1113 hunc
375 1056 520 1113 famulum
554 1062 641 1112 tuum
668 1054 814 1131 Spiritum
848 1053 1061 1111 benedictionis
1094 1060 1154 1111 tum
1189 1053 1356 1111 infundere

146 1136 285 1213 digneris,
315 1143 350 1194 ut
376 1137 487 1194 coelesti
513 1155 635 1193 munere
662 1135 776 1193 ditatus
803 1144 834 1192 et
860 1141 920 1192 tuae
946 1133 1109 1209 majestatis
1142 1133 1223 1191 dona
1257 1133 1358 1210 possit

146 1218 297 1294 anquirere
310 1224 341 1275 et
354 1218 429 1274 bene
443 1217 563 1274 vivendi
576 1216 643 1273 eliis
655 1215 792 1292 exempla
804 1215 942 1292 praeberc.

207 1299 291 1374 Itesp.
334 1299 441 1354 Amen.

207 1377 283 1435 Item
296 1378 360 1434 elic
373 1377 528 1435 benedictio
542 1397 628 1452 super
641 1397 714 1435 euru.

209 1458 357 1514 Dominus
374 1458 463 1514 Jesus
477 1456 614 1514 Christus
627 1458 706 1533 apud
719 1464 750 1515 tc
764 1457 812 1530 sit,
827 1462 862 1514 ut
876 1462 907 1514 te
920 1455 1067 1514 desendet
1109 1454 1219 1512 Amen.
1264 1456 1357 1513 Intrs

148 1544 179 1596 te
201 1538 249 1609 sit,
271 1544 307 1594 ut
328 1545 359 1594 tc
383 1538 503 1594 reficiat.
551 1538 659 1595 Amen.
703 1538 789 1595 Circe
810 1544 841 1594 tc
861 1537 910 1610 sit,
931 1543 966 1594 ut
986 1542 1016 1593 te
1036 1541 1195 1594 conservet
1241 1533 1355 1596 Amen

148 1619 232 1675 Ante
257 1624 287 1675 tc
312 1619 361 1689 sit,
386 1624 422 1674 ut
445 1625 475 1675 te
499 1617 632 1676 deducat.
675 1616 780 1676 Amen.
824 1618 919 1694 Super
941 1623 972 1675 te
995 1617 1044 1687 sit,
1068 1621 1105 1673 ut
1128 1621 1160 1673 te
1182 1615 1356 1674 benedicet

148 1700 256 1755 Amen.
309 1698 369 1767 Qui
392 1718 459 1755 cum
483 1698 548 1756 Dec
577 1698 668 1756 Patre
687 1705 717 1756 et
741 1698 857 1775 Spiritu
878 1697 997 1769 Sancto,
1018 1697 1097 1754 vivit
1120 1702 1151 1754 et
1170 1702 1287 1773 regnat,
1314 1697 1357 1754 In

148 1779 272 1836 unitate.

210 1859 280 1916 Alie
295 1859 457 1918 benedictio.

210 1940 373 1998 Benedicat
386 1947 417 1998 te
430 1939 513 1997 Deus
527 1940 625 1997 Pater.
662 1942 769 1998 Amen
804 1939 970 1998 conservet
984 1944 1014 1996 te
1029 1937 1087 1996 Dei
1098 1936 1200 1995 Filius
1238 1938 1354 1996 Amen.

150 2021 264 2097 Corpus
294 2028 381 2078 tuum
415 2021 570 2078 custodiat.
625 2019 731 2078 Amen.
786 2019 930 2077 Animam
965 2026 1047 2077 tuem
1080 2017 1183 2076 salvet
1239 2019 1354 2076 Amen.

150 2100 264 2178 Corpus
278 2108 363 2159 tuum
379 2102 509 2159 irradiet.
551 2101 660 2158 Amen.
704 2101 828 2159 Sensum
842 2100 1058 2175 tunmdin'gnt.
1100 2098 1209 2157 Amen.
1254 2098 1297 2155 Et
1314 2099 1356 2157 nd

150 2201 306 2259 supernam
322 2184 416 2240 vitam
436 2189 466 2239 te
486 2182 635 2258 perducat.
678 2182 786 2240 Amen.
830 2181 891 2251 Qui
911 2181 944 2238 in
964 2180 1112 2237 Trinitnte
1128 2178 1261 2256 perfecte.
1276 2179 1357 2236 vivit

150 2270 181 2320 et
194 2269 299 2339 regnat
313 2264 396 2319 Deus
409 2282 462 2338 per
475 2263 574 2319 omnin
588 2261 694 2319 saecula
708 2261 890 2319 serculorum.
932 2261 1042 2319 Amen.

212 2344 282 2401 Post
308 2343 367 2401 lenc
394 2343 556 2418 It'piseopus
582 2343 627 2401 vel
658 2343 799 2401 Sacerdos
824 2343 860 2400 de
886 2343 971 2401 domo
998 2349 1086 2406 exeat,
1114 2339 1248 2398 inclusus
1275 2339 1358 2398 solus

151 2433 298 2482 remaneat
307 2445 362 2499 per
376 2432 468 2482 totum
487 2443 635 2481 memorum
648 2433 674 2482 et
688 2423 859 2482 continuum
879 2423 1030 2481 obsecutis
1050 2421 1208 2492 eilettium,
1222 2429 1250 2477 et
1264 2422 1307 2479 eie
1318 2420 1357 2478 de

148 2503 225 2575 soris
244 2506 375 2579 firmiter
398 2505 564 2575 deridetur,
586 2513 612 2562 et
635 2504 753 2562 interim
766 2524 829 2562 voce
850 2523 955 2561 sessore
979 2501 1098 2577 incipiet
1118 2502 1286 2577 Episcopus
1312 2501 1359 2559 uel

151 2585 290 2643 Sttcerdos
303 2586 504 2661 Antiphonem
517 2585 569 2642 lece
581 2586 665 2642 niodo
675 2609 684 2643 .·

212 2667 408 2740 Suscepirnus,
425 2667 514 2736 Dens,
531 2665 759 2721 misericordium
774 2671 857 2721 tunm
872 2665 902 2720 in
917 2664 1014 2721 medio
1028 2661 1132 2739 templi
1145 2662 1200 2718 tui.

212 2747 357 2804 Psalueus.
402 2748 529 2821 lllaguus
545 2747 691 2802 Dominus
704 2746 837 2820 (stetit.)

212 2826 357 2882 Psulruus.
401 2827 534 2883 Laudato
548 2847 614 2883 cunr
630 2847 731 2883 omnes
744 2834 845 2902 gentes
860 2826 946 2901 (mni.
952 2828 968 2901 )

213 2906 357 2962 I'sulruus.
401 2906 504 2963 Lauda
519 2907 708 2964 Hierusalem
722 2907 832 2982 (orleii.
838 2909 854 2982 )

213 2986 359 3041 I'salmus.
404 2986 537 3043 Lnudate
552 2989 713 3043 Dominum
728 2989 760 3043 in
774 2988 883 3044 sanctis
897 2989 960 3062 ejus
974 2986 1045 3062 (cl.)
1058 3006 1125 3042 euru
1139 2984 1243 3041 Gloria
1258 2983 1353 3041 Patri.

214 3067 373 3138 Reponitur
386 3066 566 3141 Antiphone.
611 3069 809 3144 Suscepimus,
826 3070 914 3126 Deus.

213 3146 241 3201 F
242 3146 316 3202 inite
331 3145 510 3221 ilretr'pltona,
524 3147 625 3221 saciet
646 3150 807 3224 Episcopus
819 3148 863 3205 eei
875 3148 1014 3205 Sacerdos
1033 3166 1130 3203 omues
1139 3166 1196 3221 pro
1215 3166 1245 3203 eo
1259 3165 1352 3216 orare,

152 3228 294 3303 quatimur
307 3228 485 3302 ounu'poteus
509 3229 597 3300 Deus,
613 3250 670 3304 pre
687 3230 771 3304 eujus
791 3249 887 3286 aurore
909 3229 956 3286 ille
970 3229 1116 3285 menmium
1138 3226 1258 3300 reliquit
1280 3227 1354 3284 etin

150 3308 201 3365 iilo
229 3308 409 3365 strictissimo
439 3330 547 3368 carcere
575 3311 689 3367 viuelmle'
716 3331 771 3367 sese
790 3311 875 3384 jecit,
900 3311 944 3366 itu
970 3311 1068 3384 ipsum
1095 3309 1128 3364 iu
1155 3308 1272 3364 sevitio
1301 3327 1354 3365 suo

152 3399 292 3448 eoeeservet
307 3399 331 3447 et
346 3394 500 3464 confirmet,
516 3401 549 3447 ut
559 3400 626 3466 post
640 3400 759 3448 urentem
774 3411 839 3447 curu
853 3410 884 3446 eo
898 3391 932 3447 in
945 3400 1085 3447 ‹steret-um
1099 3388 1191 3446 trivere
1205 3387 1311 3447 sarteas.

213 3471 304 3527 Pater
318 3478 424 3527 noster.
469 3473 510 3528 nt
524 3492 561 3529 nc
575 3492 637 3529 nos.
682 3472 740 3528 Sed
755 3471 853 3527 libers.

213 3552 351 3621 Ostende,
368 3552 505 3622 Domine,
520 3553 605 3609 nobis
619 3552 849 3609 misericordium
864 3557 954 3608 tuum.

213 3632 282 3688 Fint
296 3653 355 3708 pax
369 3633 400 3688 in
415 3634 528 3690 uirtute
542 3640 602 3690 tua.

211 3712 359 3769 Dominus
374 3714 532 3770 vobiscum.
577 3713 710 3770 Orcmus.
756 3712 864 3769 Oratio.

212 3791 347 3868 Protegc,
363 3794 498 3862 Domine,
511 3814 687 3870 quaesumus,
699 3792 844 3850 famulum
858 3800 953 3864 tuum,
969 3798 999 3849 et
1012 3790 1212 3848 intercedente
1226 3789 1355 3865 glorioso

151 3872 265 3946 virgine
276 3874 373 3929 Maria
382 3894 448 3930 cum
457 3876 594 3931 omnibus
604 3874 719 3931 Sanctis
730 3874 799 3945 tuis,
810 3874 913 3948 grntiae
924 3881 984 3929 tum
998 3872 1030 3927 in
1044 3892 1078 3928 eo
1088 3871 1165 3927 donn
1175 3871 1354 3945 multiplica,

151 3959 186 4008 ut
199 3952 237 4008 ab
251 3954 389 4010 omnibus
409 3954 485 4011 liber
498 3955 616 4011 offensis
630 3961 660 4011 et
680 3955 890 4031 temporalibus
910 3974 971 4010 nou
984 3953 1166 4009 destituatur
1186 3950 1310 4008 auxiliis
1324 3959 1355 4008 ct

151 4033 336 4109 sempiternis
350 4035 477 4111 gandent
491 4035 646 4093 institutis.
690 4036 748 4092 Per
762 4036 923 4093 Christum.

212 4115 345 4171 Oremus.

211 4193 303 4267 Dens,
315 4196 362 4251 cui
377 4215 462 4252 omne
476 4216 526 4252 cor
540 4202 622 4273 patet
636 4202 666 4254 et
681 4197 777 4253 omnis
788 4196 927 4253 voluntas
941 4193 1074 4270 loquitur
1087 4199 1118 4250 ct
1131 4212 1220 4268 quem
1234 4192 1354 4249 nullum

150 4272 225 4330 latet
252 4283 405 4345 secretum,
432 4277 556 4351 purifico
583 4297 636 4352 per
663 4277 842 4334 infusionem
870 4276 972 4333 Sancti
1000 4274 1130 4350 Spiritus
1158 4274 1356 4348 cogitationes

151 4353 246 4410 cordis
264 4357 368 4427 nostri,
384 4364 462 4414 utto
476 4357 604 4432 perfecte
628 4357 751 4434 diligere
771 4364 801 4415 et
821 4357 910 4433 digne
934 4356 1054 4412 laudare
1077 4374 1251 4411 mereamur.
1296 4354 1357 4414 Per

151 4433 304 4492 Christum
320 4436 484 4495 Dominum
499 4444 642 4496 nostrum.
685 4439 791 4496 Amen.
