3022 4966
146 353 209 416 112
484 349 534 413 In
556 348 679 416 Sancto
700 346 842 415 dabbato
863 348 1008 414 Pascboe.

205 534 295 606 Deus,
309 532 363 610 qui
382 531 494 589 Filium
511 537 608 602 tuum,
623 529 795 607 angularem
808 529 920 589 scilieet
932 530 1070 607 lspidem,
1086 530 1220 589 caritatis
1240 532 1350 608 iguem,

143 629 282 688 fidelibus
307 627 480 700 contulisti;
513 626 693 704 productum
720 633 752 685 et
778 626 869 698 silice,
889 627 1000 685 nostris
1023 627 1214 704 profuturum
1238 627 1351 700 usibus,

145 746 257 785 novum
277 727 378 801 ignem
398 723 556 794 sanctifice,
569 729 602 781 et
615 722 742 781 concede
755 723 842 781 nobis
861 741 915 799 per
934 723 998 782 haee
1009 722 1086 781 fests
1098 723 1248 800 paschalis
1258 724 1353 782 cecles-

144 825 226 883 tibus
254 821 408 881 desideriis
435 819 624 892 inflammari,
651 826 688 878 ut
714 821 753 879 sd
778 827 922 898 perpetus
947 820 1024 880 fests
1043 821 1178 898 purgetis
1200 822 1353 881 mentibus

145 919 315 998 pertingere
325 918 483 978 veleamus
526 917 586 975 Per
599 917 734 976 eundem.

207 1015 282 1074 Alio
297 1015 407 1074 Oratio.
450 1013 583 1073 Oremus.

208 1114 347 1186 Domine,
361 1118 462 1172 sancte
472 1111 572 1184 Peter,
587 1111 774 1188 omnipotens
787 1119 897 1170 {eterne
911 1112 1003 1183 Deus,
1017 1112 1189 1171 benedicere
1203 1120 1234 1170 et
1247 1114 1354 1171 suncti-

147 1213 235 1270 ficere
247 1210 378 1288 digneris
391 1211 491 1288 ignem
504 1211 606 1281 Istum,
615 1229 705 1286 quem
718 1229 772 1268 nos
782 1210 899 1286 indigni
912 1230 966 1286 per
975 1210 1193 1268 invocationem
1203 1210 1353 1286 unigeniti

148 1310 221 1368 Filii
247 1310 302 1381 tui,
331 1309 457 1367 Domini
477 1308 582 1381 nostri,
606 1308 682 1368 Jesu
705 1307 828 1380 Christi
853 1308 1025 1366 benedicere
1047 1308 1254 1385 praesumimus
1265 1327 1273 1378 ;
1295 1307 1351 1380 Tu,

147 1404 376 1464 clementissime
398 1404 490 1476 Deus,
515 1423 583 1462 cum
604 1409 659 1461 tue
678 1402 884 1461 benedictione
903 1403 1062 1475 sanctifice,
1078 1409 1109 1461 et
1129 1403 1166 1461 sd
1186 1402 1351 1479 profectum

149 1501 274 1560 humani
286 1500 402 1578 generis
416 1499 572 1576 provenire
586 1498 719 1558 concede.
762 1499 821 1557 Per
834 1500 969 1558 eundem.

211 1597 378 1656 Benedicti>
391 1595 518 1655 Incensi.
562 1596 695 1654 Oremus.

210 1693 334 1766 Veniat,
346 1693 533 1770 omnipotens
543 1693 635 1767 Deus,
649 1712 738 1770 super
747 1691 802 1751 hoc
811 1693 965 1752 incensum
972 1693 1055 1771 large
1064 1698 1125 1750 tuse
1138 1691 1351 1750 benedictionis

152 1789 272 1864 infusio,
285 1790 433 1866 hujusque
453 1788 657 1865 thymismstis
677 1795 854 1862 creaturum,
868 1788 1029 1847 invisibilis
1049 1793 1196 1865 regnator,
1211 1787 1351 1860 intende;

150 1895 261 1947 utnon
274 1887 370 1947 solum
383 1885 568 1959 sucrificium,
584 1885 664 1962 quod
677 1885 732 1944 hsc
748 1892 835 1945 nocte
848 1887 970 1944 litatum
983 1892 1036 1958 est,
1051 1905 1158 1944 ereans
1170 1884 1291 1942 luminis
1305 1884 1352 1941 tui

152 1986 336 2046 admixtione
350 1985 503 2062 refulgent,
517 1984 613 2043 sedin
629 2003 804 2061 quocunque
824 1984 888 2042 loco
908 1982 1022 2060 aliquid
1035 2003 1073 2041 ex
1086 1983 1176 2059 hujus
1189 1981 1352 2038 sanctificu-

151 2084 243 2143 tionis
269 2083 361 2142 fuerit
388 2082 530 2159 mysterio
564 2081 761 2159 deportatum,
789 2080 911 2157 explosa
944 2079 1025 2137 omni
1055 2077 1205 2137 diabolicee
1239 2078 1352 2134 fraudis

153 2180 298 2257 nequitis,
314 2180 411 2238 virtus
424 2185 484 2236 tuse
498 2177 661 2255 mejestatis
674 2178 801 2236 assistet
845 2177 904 2235 Per
916 2177 1088 2234 Dominum.

212 2277 328 2336 Deinde
354 2284 527 2353 aspersatw
559 2275 639 2351 ipsis
665 2296 686 2333 a
712 2274 840 2334 Proeloto
874 2295 955 2350 (mua
985 2273 1151 2344 tamdem·
1184 2283 1211 2332 et
1238 2273 1353 2350 impleto

154 2373 302 2433 tlsnribrdo
319 2374 354 2431 dc
367 2373 434 2448 ipns
447 2371 591 2431 heudino
605 2380 630 2429 et
644 2370 759 2430 interese
773 2370 917 2429 bercedicto
934 2393 954 2429 a
967 2371 1103 2443 Praelcto,
1114 2379 1217 2446 postca
1230 2371 1354 2429 accensis

154 2471 247 2543 cercis,
259 2468 388 2528 videlicet
402 2478 463 2527 toan
476 2467 562 2528 cereis
571 2487 592 2526 a
602 2466 783 2542 ceroferariis
793 2467 957 2543 depmtotis
972 2489 1063 2542 queen
1071 2487 1146 2527 cereo
1156 2467 1246 2526 tastoe
1259 2466 1352 2542 office,

154 2568 190 2626 ds
203 2568 271 2642 iqne
288 2565 439 2638 benedicto,
455 2564 553 2624 redeat
566 2565 601 2622 in
615 2563 735 2621 cleoswn
744 2565 887 2640 processio
901 2573 1030 2639 exparte
1040 2564 1155 2636 borecli,
1166 2573 1193 2622 et
1206 2564 1354 2621 Praelotns

154 2683 222 2721 cnm
248 2662 393 2720 ministris
420 2670 445 2718 et
465 2660 625 2736 majoribus
645 2660 764 2718 ecclesiis
780 2661 987 2735 processionum
1005 2669 1151 2736 seqstctnr,
1174 2661 1354 2735 ceroferariis

154 2758 322 2817 canentibus
335 2758 478 2833 tyernum
491 2763 650 2831 sequendam
661 2780 671 2814 .-

399 2854 543 2910 Inventor
558 2852 644 2908 rutili
658 2852 720 2909 dux
734 2853 810 2909 bone
823 2853 953 2926 luminis,

398 2949 458 3019 Qui
472 2948 560 3005 certis
574 2948 691 3006 vicibus
704 2954 837 3025 tempore
850 2950 977 3022 dividis3

397 3045 498 3102 Merso
512 3045 572 3102 sole
585 3045 673 3103 chaos
686 3046 800 3123 ingruit
813 3048 975 3119 horridum,

398 3141 514 3199 Lumen
528 3141 617 3200 redde
631 3142 700 3215 tuis,
716 3142 842 3215 Christe,
857 3142 1001 3201 fidelibus.

220 3238 334 3301 oteres
346 3240 515 3316 respondeat
529 3238 753 3316 Antiphonem:
776 3241 929 3299 Inventor.

331 3336 360 3394 V.
400 3335 543 3407 Quemvis
556 3337 714 3396 innumero
733 3338 827 3396 sidere
841 3339 951 3415 regiam

399 3434 571 3509 Lunsrique
584 3433 687 3509 polum
701 3434 835 3510 lampade
848 3435 990 3511 pinxeris,

398 3530 525 3588 Incussu
538 3530 630 3588 silicis
643 3529 759 3587 lumine.
771 3549 824 3587 nos
839 3537 938 3589 temen

399 3625 550 3683 Monstras
564 3625 704 3703 saxigeno
718 3626 830 3684 lumine
844 3646 984 3702 quaerere.

622 3721 744 3781 Chorus.
781 3725 932 3782 Inventor.

332 3819 361 3876 V.
399 3817 445 3874 Tu
459 3818 514 3875 lux
528 3836 598 3874 vera
612 3819 713 3892 oculis,
728 3818 775 3877 Tu
789 3839 906 3897 quoque
919 3821 1070 3893 sensibus3

400 3914 489 3971 Intus
502 3913 548 3970 Tu
564 3914 725 3989 speculum,
740 3916 786 3972 Tu
800 3916 951 3992 speculum
964 3915 1054 3986 forie;

402 4010 527 4081 Lumen,
543 4010 622 4085 quod
639 4009 786 4068 samrdans
799 4011 898 4083 offero,
913 4009 1028 4085 suscipe

401 4107 541 4166 Tinctum
555 4106 669 4183 pecifici
682 4106 848 4164 chrismatis
861 4105 1000 4184 unguine.

623 4202 743 4264 olem.
780 4202 932 4260 Inventor.

335 4297 365 4358 V.
403 4298 463 4357 Per
476 4299 631 4358 Christum
644 4298 788 4375 genitum,
803 4315 917 4354 summe
930 4295 1030 4369 Peter,
1044 4303 1140 4369 tuum,

403 4394 441 4451 In
454 4415 513 4471 quo
526 4395 652 4454 risibilis
664 4400 725 4452 stet
738 4393 806 4451 Tibi
819 4392 928 4471 glorie:
