3022 4966
155 393 177 455 6
411 389 500 456 Orda
521 388 569 456 ad
591 388 872 456 caesaraeam
893 388 1112 458 Faciendum.

217 569 353 629 Oramus.

215 664 322 724 Preces
353 669 479 737 nostras,
507 684 685 743 quaesumus,
710 665 848 738 Domine,
871 665 1032 725 clementer
1059 666 1168 724 exaudi
1180 686 1190 739 3
1226 675 1258 725 et
1285 669 1372 731 hunc

154 763 281 822 electum
302 767 390 819 tuum
403 762 443 820 N.
459 761 774 843 crucisffldominicsa
789 763 874 838 cujus
897 763 1089 841 impressione
1112 783 1181 823 eum
1202 765 1370 842 signamus,

153 858 268 917 virtute
281 859 405 930 custodi
421 864 457 916 ut
469 860 684 936 magnitudinis
700 859 801 936 gloriae
815 859 986 918 rudimenta
999 879 1121 919 servans
1133 880 1188 937 per
1199 863 1370 924 custodiam

154 955 363 1014 mandatorum
386 961 508 1012 tuorum
541 955 580 1013 ad
601 955 833 1032 regenerationis
867 955 995 1033 gratiam
1020 956 1176 1032 pervenire
1203 965 1367 1019 maestus.

154 1051 215 1112 Per
226 1052 381 1110 Christum
396 1051 561 1109 Dominum
579 1058 721 1110 nostrum
764 1051 875 1109 Amen.

216 1148 351 1208 Cremna

216 1243 306 1316 Deus,
322 1244 375 1320 qui
394 1242 520 1301 humani
532 1242 648 1321 generis
668 1242 713 1300 ita
725 1261 757 1300 es
777 1242 922 1316 conditor,
936 1248 972 1301 ut
992 1244 1033 1302 ais
1053 1243 1146 1302 etiam
1165 1245 1348 1306 reformator
1357 1269 1368 1322 ς

154 1342 325 1419 propitiare,
349 1359 528 1417 quaesumus,
549 1339 667 1416 populis
697 1339 854 1415 adoptivis,
875 1346 907 1398 et
931 1359 1010 1400 novo
1029 1346 1209 1399 testamento
1232 1343 1368 1402 sobolem

153 1456 238 1495 novae
260 1437 351 1514 prolia
373 1436 493 1506 ascribe,
516 1441 552 1493 ut
571 1435 627 1492 filii
647 1435 849 1510 promissionis
869 1436 948 1512 quod
973 1455 1035 1494 non
1057 1442 1221 1512 potuerunt
1246 1442 1369 1516 assequi

153 1550 207 1608 per
215 1538 364 1604 naturam,
376 1531 525 1608 gaudeant
535 1549 566 1588 se
576 1529 719 1606 recepisse
729 1531 925 1608 pergratiam.
963 1530 1022 1588 Pcr
1032 1531 1186 1590 Christum
1196 1533 1366 1595 Dominum

154 1636 298 1689 nostrum
341 1631 450 1687 Amen.

213 1724 379 1783 Benedictio
393 1723 464 1782 satis
477 1723 540 1782 siae
554 1722 702 1781 Dominus
716 1724 869 1782 vobiscum
882 1733 909 1784 ct
922 1724 985 1783 siae
999 1725 1131 1784 Oramus

214 1821 357 1880 Exoreizo
368 1828 407 1893 te,
417 1827 552 1879 creatura
562 1821 640 1894 salis,
650 1821 683 1878 in
691 1821 811 1879 nomine
829 1819 933 1901 Βείιζε
941 1822 1041 1880 Patris
1049 1823 1275 1899 omnipotentis,
1287 1834 1320 1885 et
1332 1829 1365 1886 in

153 1918 277 1976 caritate
286 1916 409 1976 Domini
419 1918 515 1974 nostri
524 1916 546 1974 J
548 1936 599 1975 esu
608 1916 721 1974 Christi
731 1924 762 1975 ct
775 1919 808 1975 in
816 1918 930 1976 virtute
939 1918 1069 1995 Spiritus
1079 1919 1189 1978 Sancti
1216 1920 1366 1984 uxoreae

153 2023 184 2074 te
194 2036 247 2093 per
256 2013 509 2093 Deumffivirum,
521 2012 830 2094 perDeumffnverum,
842 2034 896 2091 per
906 2014 1189 2096 Deumvxassnctum,
1198 2037 1253 2094 per
1261 2019 1364 2079 Deum

151 2113 205 2189 qui
218 2119 248 2171 te
262 2112 299 2170 ad
319 2110 446 2169 tutelam
465 2109 590 2168 humani
609 2112 726 2187 generis
742 2111 916 2188 procrearit,
930 2119 961 2170 et
974 2114 1083 2190 populo
1103 2114 1236 2173 venienti
1250 2115 1289 2173 ad
1305 2136 1365 2175 cre

150 2210 309 2268 dulitatem
332 2229 386 2287 per
409 2229 509 2268 servos
537 2227 606 2266 suos
629 2210 793 2266 consecrari
815 2210 963 2286 pracepit,
989 2218 1025 2267 ut
1048 2211 1081 2268 in
1104 2211 1226 2269 nomine
1249 2221 1363 2274 sanctae

148 2306 307 2366 Trinitatis
320 2307 455 2366 efficiaris
469 2307 599 2365 salutare
612 2311 830 2364 sacramentum
843 2305 882 2364 ad
896 2307 1085 2383 effugandum
1098 2308 1262 2367 inimicum,
1301 2311 1364 2370 Pro

149 2404 218 2462 inde
230 2424 369 2482 rogamus
382 2412 421 2476 te,
437 2405 567 2462 Domine
582 2403 665 2461 Deus
681 2409 791 2474 noster,
806 2410 842 2461 ut
855 2403 925 2476 haec,
941 2405 1089 2487 chn'crut
1102 2405 1243 2465 Sacerdos
1260 2409 1363 2483 salem,

148 2506 283 2559 creatura
296 2501 365 2559 salis
378 2502 411 2558 in
425 2501 545 2558 nomine
556 2500 672 2558 Sancta
683 2499 842 2558 Trinitatis
852 2501 996 2558 efficiatur
1003 2502 1133 2560 salutare
1140 2511 1363 2565 sacramentum

146 2596 184 2654 ad
199 2597 391 2674 effugandum
403 2597 568 2654 inimicum.
609 2596 707 2667 Quam
717 2602 762 2669 tu,
773 2597 910 2668 Domine,
926 2597 1362 2679 sanctificandofflaanctifioas,

147 2692 346 2751 benedicendo
355 2691 396 2770 ᾧ
404 2690 587 2762 benedicas*
594 2699 630 2749 ut
639 2693 691 2750 fiat
699 2694 837 2751 omnibus
848 2695 1060 2771 accipientibus
1070 2696 1201 2772 perfecta
1210 2698 1363 2760 medicina

148 2808 324 2866 permanens
338 2789 371 2845 iu
385 2789 547 2846 visceribus
561 2807 671 2847 eorum.
714 2792 754 2848 In
768 2792 888 2849 nomine
902 2792 1026 2850 Domini
1040 2793 1135 2850 nostri
1148 2793 1170 2851 J
1171 2813 1223 2851 esu
1234 2795 1361 2872 Christi,

149 2886 202 2961 qui
226 2891 371 2943 venturum
395 2892 439 2942 est
459 2886 593 2962 judicare
620 2887 704 2946 viros
725 2895 757 2945 ct
783 2895 916 2947 mortuos
944 2897 975 2947 et
1001 2890 1141 2948 saeculum
1165 2909 1219 2968 per
1247 2893 1359 2970 ignem,

148 2981 261 3039 Amen.

209 3077 314 3136 Postea
331 3075 472 3137 Sacerdos
491 3079 646 3154 iaterroqet
665 3099 771 3138 aaran
785 3081 883 3156 paeri,
900 3088 926 3140 et
938 3091 1033 3157 ponat
1052 3083 1087 3140 dc
1107 3083 1170 3158 ipso
1188 3083 1300 3145 calcia
1312 3107 1361 3147 cre

148 3172 218 3248 cias,
244 3174 288 3230 ita
311 3175 427 3233 diceas:
455 3175 506 3245 N„
528 3175 640 3251 Accipe
665 3176 757 3234 salem
782 3177 942 3254 sapientise,
964 3185 999 3234 ut
1023 3179 1201 3254 propitiatus
1229 3181 1271 3240 sit
1301 3184 1359 3242 tibi

149 3267 297 3325 Dominus
309 3269 342 3325 in
356 3270 450 3326 vitam
464 3276 615 3327 aternam.
657 3271 766 3329 Amen.

203 3365 274 3424 Post
287 3365 376 3424 salem
389 3367 494 3425 ιίαιιιῃι
508 3368 587 3425 disca
600 3369 758 3426 Sacerdos:
778 3368 926 3427 Dominus
939 3369 1097 3429 vobiscum.
1141 3371 1278 3432 Oremus.

205 3462 307 3522 Oratio
321 3483 409 3540 saper
421 3463 587 3522 resecatam
601 3463 792 3537 etscmircarn.
837 3465 945 3525 Oratio.

203 3559 286 3618 Deus
317 3565 438 3637 patrum
470 3567 649 3630 nostrorum,
679 3559 763 3618 Deus
795 3561 941 3618 universae
976 3562 1112 3620 conditor
1145 3563 1297 3640 veritatis,
1327 3577 1357 3626 te

142 3657 288 3733 supplices
308 3676 464 3716 exoramus
485 3664 521 3715 ut
541 3656 621 3714 hunc
635 3656 782 3713 famulum
803 3662 889 3714 tuum
910 3657 950 3715 N.
974 3659 1117 3735 respicere
1137 3660 1270 3736 digneris
1292 3684 1357 3741 pra

142 3752 245 3829 pitius,
270 3759 301 3810 et
326 3753 381 3811 hoc
404 3753 534 3830 primum
558 3752 702 3829 pabulum
725 3752 795 3809 salis
818 3760 987 3830 gustantem
1010 3774 1072 3812 non
1099 3756 1213 3813 diutius
1242 3761 1357 3821 esurire

142 3849 306 3925 permittas,
342 3851 500 3924 quominus
529 3850 594 3906 cibo
621 3849 779 3924 expleatur
806 3850 917 3908 caelesti
929 3870 938 3922 3
980 3853 1122 3927 quatinus
1152 3853 1192 3911 sit
1227 3874 1354 3935 semper,

143 3941 282 4015 Domine,
312 3943 419 4018 spiritu
446 3943 572 4017 fervens,
596 3964 648 4021 spe
675 3945 815 4022 gaudena,
840 3946 955 4004 nomini
979 3953 1033 4004 tuo
1060 3968 1175 4024 semper
1201 3952 1352 4012 serviens:

144 4039 255 4116 perduc
279 4058 347 4096 eum
374 4039 412 4096 ad
449 4059 533 4097 norae
560 4042 759 4118 generationis
779 4043 939 4117 lavacrum,
968 4051 1004 4101 ut
1030 4065 1098 4102 cum
1126 4046 1264 4106 fidelibus
1293 4052 1355 4110 tuis

144 4135 373 4213 promissionum
387 4142 507 4194 tuarum
520 4143 631 4196 oeterna
643 4139 764 4214 praemia
777 4140 915 4217 consequi
925 4148 1080 4200 mercatur.
1125 4142 1184 4201 Per
1197 4142 1355 4207 Christum

146 4231 313 4290 Dominum
325 4235 468 4291 nostmm.

147 4392 353 4512 dim'nsiriohn
362 4393 488 4443 toscona
497 4388 814 4472 MS.-“ssncti›1‹flcsndo
829 4390 1233 4475 unctiaxnficce,bene›1‹dicendo
1247 4400 1354 4482 beuaffl
