3022 4966
421 326 606 394 Dominiea
619 325 662 393 io
676 325 939 413 Septueqeeime.

288 536 450 595 Dounucr
471 537 617 595 Securos
637 553 708 596 roer
729 537 872 597 Oersvrs
894 537 1085 595 Errrnruum

148 659 258 719 Omnia
263 661 356 735 fieret,
370 667 404 717 ut
418 660 453 718 in
460 661 565 736 priore
578 660 738 719 Dorreiuiea
751 680 818 718 eum
830 660 890 718 isto
905 658 1049 719 Oratione.

148 754 346 833 Omnipotens
358 755 537 832 sempiterne
547 755 639 829 Deus,
651 757 703 833 qui
716 755 843 815 eoelestis
853 754 943 814 simul
953 761 984 813 et
993 761 1112 814 terreus
1121 754 1290 829 modereris,

84 851 317 932 suppliestiones
348 851 451 929 populi
478 852 524 909 tui
551 852 712 912 elementer
738 851 855 925 exaudi,
884 857 916 909 et
941 870 1044 929 pacem
1072 858 1156 910 tuam
1182 852 1292 911 nostris
1358 861 1361 865 ’

85 949 213 1012 ooneede
226 949 417 1028 temporibus.
461 949 520 1008 Per
534 949 695 1009 Christum.

533 1110 696 1168 Douuuer
717 1111 842 1168 Trerus

149 1228 352 1291 proceram
367 1230 491 1290 Crucem
497 1234 579 1306 fient
592 1241 627 1289 et
640 1251 733 1309 supra
749 1239 870 1291 notetur
886 1251 952 1291 eum
968 1229 1106 1290 Oratione
1119 1229 1292 1290 dominicali

85 1337 155 1389 eote
169 1327 300 1388 Crucem.

149 1424 260 1485 Oratio.

148 1520 344 1598 Omnipotens
385 1524 564 1599 sempiterne
601 1523 693 1596 Deus,
728 1523 934 1581 infirmitatem
971 1529 1103 1580 nostrum
1144 1522 1290 1600 propitius

84 1617 316 1695 respiceretque
338 1617 377 1676 ed
399 1619 613 1697 protegendum
636 1640 691 1678 nos
714 1619 868 1678 dexteram
889 1625 948 1677 tuoe
969 1620 1133 1696 mejestatis
1153 1619 1287 1677 extende.

85 1713 148 1774 Per
161 1713 322 1773 Christum.

545 1820 708 1880 Douuucs
730 1822 868 1891 Quium.

147 1937 296 1997 Proeeeeio
302 1940 363 2013 fiat
376 1946 412 1997 ret
424 1958 516 2016 supra
530 1961 596 1998 eum
610 1941 668 1998 iste
683 1940 829 2000 Oratione.

149 2034 241 2108 Deus,
255 2034 309 2112 qui
326 2054 380 2093 nos
393 2035 427 2093 in
441 2037 535 2094 tantis
549 2037 686 2114 perieulis
706 2037 884 2095 constitutos
897 2056 950 2113 pro
965 2036 1096 2094 humens
1109 2037 1165 2095 seis
1178 2037 1287 2115 fragili-

84 2138 151 2192 tate
170 2152 231 2191 non
253 2151 336 2210 posse
358 2133 517 2192 subsistere
528 2154 537 2208 ;
558 2134 695 2191 danobis
719 2133 846 2191 salutem
867 2133 976 2190 mentis
998 2138 1029 2190 et
1051 2132 1189 2208 eorporis,
1204 2139 1240 2190 ut
1253 2152 1287 2191 ea

85 2248 154 2308 quse
186 2248 241 2307 pro
270 2230 397 2307 peccatis
430 2230 540 2288 nostris
573 2230 712 2305 patimur,
742 2236 773 2286 to
807 2228 976 2305 adjuvante,
1012 2228 1172 2285 vincamus.
1229 2228 1288 2286 Per

87 2326 250 2387 Christum.

150 2501 192 2562 Or
213 2502 237 2560 e,
533 2441 695 2497 Doururcs
717 2439 847 2509 Quum.

192 2522 211 2560 a
224 2521 261 2560 eo.

148 2598 305 2657 Familiam
319 2604 412 2672 tuam,
429 2619 606 2677 quaesumus,
621 2599 761 2671 Domine,
776 2617 829 2674 pro
843 2602 896 2656 tue
909 2597 1021 2675 pietate
1035 2595 1157 2669 custodi,
1173 2603 1209 2654 ut
1222 2616 1287 2673 quoe

88 2696 123 2755 in
136 2694 199 2754 sole
219 2714 270 2773 spe
291 2696 395 2772 grntiae
417 2696 541 2754 coelestis
562 2696 714 2769 innititur,
729 2702 782 2753 tua
796 2714 910 2772 semper
930 2694 1112 2772 protectione
1125 2693 1287 2752 munietur.

90 2792 150 2851 Per
164 2791 323 2851 Christum.

451 2906 611 2964 Doruruor
631 2923 664 2963 rs
686 2905 930 2964 Surrurorsrue.

146 3023 183 3083 Si
195 3033 262 3084 arete
272 3025 513 3099 purificationem
527 3027 656 3099 evenerit,
669 3026 711 3084 ad
719 3026 931 3085 Proeeseioreeoe
942 3025 1053 3084 dieitur
1062 3024 1289 3102 Respooeorium

85 3118 181 3178 Beate.
194 3138 234 3190 es,
248 3128 395 3195 utsupra.
438 3119 610 3194 Vereicrdm,
624 3121 696 3179 Post
715 3128 842 3198 partum.
887 3120 998 3192 Oratio,
1013 3121 1096 3178 Dens
1109 3122 1162 3197 qui
1175 3122 1286 3181 solutis.

84 3215 123 3276 Si
134 3236 200 3275 vero
207 3226 275 3293 poet
289 3217 531 3292 Puerfsteetioneoe
551 3220 681 3289 evenerit,
696 3219 737 3275 ad
751 3218 965 3278 Proeeeeiooem
978 3218 1012 3275 io
1025 3219 1105 3276 exitu
1120 3217 1212 3278 Oleori
1224 3239 1288 3279 eree

84 3312 259 3389 Aretiplwne
272 3314 307 3371 de
320 3313 458 3385 Domina,
473 3335 540 3372 cum
560 3313 702 3372 Vereicelo
716 3323 742 3370 et
757 3313 894 3372 Oratione
907 3316 1068 3374 secundum
1082 3316 1219 3373 ordinem.

146 3407 189 3468 In
200 3411 295 3468 eundo
309 3420 376 3469 ante
391 3409 514 3470 Crucem
528 3410 639 3468 dieitur
651 3409 879 3484 Resporeeorium
892 3429 1011 3485 sequeno
1021 3434 1031 3468 :

147 3504 224 3564 Eece
238 3506 391 3578 carissimi,
403 3507 465 3565 dies
479 3507 531 3564 illa
540 3506 647 3583 judieii
660 3523 768 3580 mogus
778 3511 808 3562 et
819 3505 961 3562 terribilis
975 3505 1087 3577 instet,
1108 3511 1290 3581 praetereunt

83 3600 148 3661 dies
161 3603 265 3675 nostri,
278 3609 309 3660 et
319 3603 460 3661 velociter
472 3603 594 3660 advenit
615 3601 772 3677 praeclarus
789 3601 935 3659 adventus
949 3599 1088 3657 Domini:
1108 3601 1171 3676 jem
1185 3600 1289 3659 crebro

83 3715 157 3756 sono
183 3716 237 3756 vos
271 3697 410 3756 hortetur
436 3703 468 3756 et
495 3697 576 3770 dicit,
606 3696 783 3773 Priusquam
821 3695 930 3754 ostium
958 3696 1093 3754 Peredisi
1123 3695 1286 3771 claudetur,

84 3795 289 3872 unusquisque
317 3801 450 3854 vestrum
484 3794 544 3852 cito
578 3798 723 3871 properet,
751 3798 787 3850 ut
813 3792 958 3851 introiens
988 3792 1021 3849 in
1048 3797 1191 3850 oeternum
1219 3813 1287 3851 cum

86 3890 218 3948 Domino
246 3897 349 3968 regnet
360 3911 369 3963 3
403 3896 557 3967 properato
591 3894 705 3947 vosmet
731 3889 817 3965 ipsos,
848 3889 896 3948 Ut
931 3888 1057 3947 videatis
1090 3889 1288 3947 immortalem

83 4005 226 4063 sponsum
240 3994 272 4045 et
284 3987 458 4064 possidentis
473 4006 597 4063 regnum
611 3986 758 4044 coelorum.

90 4080 121 4138 V.
146 4081 223 4141 Eece
236 4091 333 4140 meter
353 4089 456 4141 nostra
477 4082 667 4140 Hierusalem
682 4101 749 4139 eum
763 4100 870 4158 magno
890 4083 999 4142 affeetu
1014 4082 1123 4141 clamat
1135 4082 1173 4140 ad
1189 4101 1243 4141 voe
1256 4087 1288 4140 et

84 4177 167 4252 dicit,
183 4179 295 4238 Venite
309 4181 363 4238 filii
377 4182 436 4238 mei
451 4180 643 4252 dilectissimi,
658 4179 759 4239 venite
772 4179 810 4237 ad
824 4199 878 4239 me.
922 4179 969 4238 Ut
982 4179 1115 4238 videatis.

90 4274 122 4334 V.
148 4274 379 4356 (sacerdotalis)
402 4277 471 4335 Fiet
485 4275 683 4335 misericordis
697 4282 758 4348 tue,
775 4276 912 4348 Domine,
927 4296 1015 4354 super
1027 4296 1088 4336 noe.

447 4409 459 4433 ¹
476 4406 525 4453 For
535 4406 602 4453 these
614 4404 701 4451 Preces
716 4417 755 4450 soe
765 4416 843 4465 repre,
852 4417 875 4464 p.
888 4403 937 4448 123.

674 4501 697 4542 Κ
