3022 4966
560 158 783 227 Domi-uicao'.
798 162 987 230 Adceulus.
1316 174 1382 239 135

174 320 271 405 tiants
291 340 412 382 carnem
433 300 580 417 suscipere
601 324 741 401 voluisti,
764 336 873 404 priests
894 328 1077 407 supplicibus
1098 331 1169 406 tuis,
1183 339 1220 392 ut
1239 334 1293 412 qui
1312 355 1382 395 vere

173 436 239 475 eum
251 417 313 477 Dei
325 421 505 497 genetricem
525 420 679 494 credimus,
693 424 757 499 ejus
777 425 857 501 opud
870 431 901 484 te
914 426 1174 488 intercessionibus
1192 430 1377 508 adjuvemur.

172 512 232 575 Per
244 516 374 576 eundem
387 516 541 578 Christum
555 518 879 593 Dominum-nostrum.
921 522 1031 582 Amen.

230 612 383 675 Iaourulo
396 625 464 675 aule
478 616 608 677 Omeceac.
652 616 889 694 Ilespousoriuaa.
1142 684 1145 691 ,

233 712 311 771 Ecce
336 712 400 771 dies
429 712 563 785 veniunt,
597 712 685 771 dicit·
700 715 857 788 Dominus,
889 723 920 775 et
947 718 1096 778 suscitabo
1126 718 1226 777 David
1255 738 1377 799 germen
1486 753 1489 757 ·

173 860 190 867 -
207 860 1216 874 -UQ—ss-—m—
1221 866 1328 876 ...—

229 942 308 1003 Item
317 964 468 1004 cmeeersus
477 945 519 1003 od
522 945 668 1022 populum
676 947 755 1005 dicat
765 945 904 1027 Sacerdos
914 946 947 1005 ia
961 946 1065 1024 liupila
1075 958 1230 1010 accolema:
1251 950 1376 1011 Oremus

170 1042 225 1101 pro
236 1024 393 1083 animabus
406 1025 445 1082 N.
462 1031 494 1083 ct
506 1025 545 1083 N.
560 1045 639 1085 more
657 1026 738 1085 solito
748 1048 761 1095 ,·
782 1036 808 1086 ct
816 1036 917 1103 posteo
933 1036 1024 1086 uertat
1043 1048 1072 1089 sc
1089 1028 1237 1104 Sacerdos,
1252 1038 1278 1090 el
1295 1032 1376 1092 dicat

168 1103 333 1175 Psalmum,
348 1104 396 1162 Dc
408 1105 571 1182 profundis,
585 1106 753 1183 sicprculicto
767 1110 851 1167 clodo
863 1132 873 1167 :

229 1184 333 1244 Gloria
346 1184 432 1243 Patri
444 1205 511 1243 cum
525 1185 622 1263 Kyn‘o
635 1188 762 1264 eleyson.
803 1186 894 1246 Peter
906 1194 1013 1248 noster.

228 1264 375 1341 Requiem
389 1270 538 1324 secernam.

226 1343 258 1403 A
270 1351 358 1422 porta
370 1344 468 1403 inferi.

228 1422 324 1484 (a'redo
336 1424 445 1483 videre.

227 1502 377 1564 Dominus
390 1505 551 1564 vobiscum.

227 1584 363 1646 Oramus.
408 1586 519 1645 Orolio.
731 1640 736 1649 .

223 1666 366 1739 Absolve,
386 1685 563 1741 quaesumus,
579 1665 709 1725 Domino
728 1666 842 1725 errimus
855 1668 1033 1726 famulorum
1053 1675 1174 1727 tuorum
1194 1671 1369 1747 pontificum

160 1752 195 1821 et
212 1746 406 1820 sacedotum,
421 1753 453 1804 ct
472 1747 587 1806 animos
601 1746 780 1805 famulorum
799 1748 1182 1827 famularumquc'tuarum,
1201 1757 1367 1827 parentum,

161 1826 415 1905 parochianorum,
429 1827 834 1898 amicorum,beneiicctomm1
855 1834 1033 1903 nostrorum,
1048 1824 1081 1887 'et
1100 1831 1215 1889 animas
1235 1833 1369 1891 omnium

161 1908 296 1965 fidolium
315 1907 522 1965 defunctorum
535 1906 573 1965 ab
594 1908 676 1966 omui
689 1908 809 1967 vinculo
829 1909 1004 1967 delictorum
1013 1929 1022 1982 3
1043 1911 1125 1967 utin
1144 1913 1368 1972 resurrectionis

159 1986 257 2063 glorio
269 1988 350 2047 inter
362 1992 478 2045 szmotos
491 1987 598 2045 electos
612 1994 679 2047 tuos
693 1989 863 2047 resuscitati
876 1991 1028 2066 respirent.
1073 1990 1139 2049 Per.

223 2066 426 2145 Requiescaut
438 2068 472 2124 in
485 2086 565 2144 pace.
606 2068 716 2126 Amen.
829 2076 832 2081 '

222 2146 296 2205 Ilcec
310 2166 409 2231 presso
423 2148 572 2224 prccdiclc¹
591 2148 734 2207 <licuntur
754 2149 924 2224 supradicto
943 2149 1027 2207 ocodo
1047 2148 1182 2207 occulius
1201 2149 1366 2211 Dominicis

155 2247 213 2305 per
225 2246 349 2300 ‹iaaum,
371 2227 429 2286 sicu
439 2226 477 2286 'de
489 2227 649 2287 Domi-uico
661 2229 719 2286 sicu
732 2228 831 2302 aliquo
845 2228 929 2286 Festo
941 2231 982 2302 fit
1001 2228 1160 2300 seruilium,
1174 2229 1236 2287 cciii
1248 2230 1366 2306 Duplex

150 2306 274 2385 flurin·
293 2308 394 2367 stoici
406 2308 441 2369 iu
456 2315 537 2367 seclo
550 2308 597 2365 die
610 2328 630 2364 a
640 2306 675 2363 N
673 2306 805 2365 ‹tlicilute
819 2306 950 2379 Domini,
966 2316 993 2365 et
1006 2307 1040 2365 io
1056 2307 1103 2365 die
1116 2309 1212 2365 saculi
1225 2308 1365 2383 Siloeslri,

159 2388 241 2446 siin
261 2385 419 2447 Dominicis
438 2388 584 2457 sussurim·
604 2396 631 2445 et
652 2386 713 2445 uisi
725 2387 760 2443 iu
781 2386 939 2444 Dominico
960 2386 1144 2445 I'olaccruuc.
1196 2386 1249 2447 Ilo
1268 2398 1364 2449 toalea

158 2467 239 2547 quod
250 2468 287 2527 io
299 2468 436 2527 Ecclesiis
443 2466 663 2543 parochialibus
671 2486 731 2524 uon
745 2466 786 2523 od
799 2466 1018 2539 Processioacae,
1028 2466 1079 2525 scd
1087 2476 1155 2541 post
1168 2467 1363 2544 Eodomeliuru

158 2557 186 2605 et
200 2526 386 2621 Offerslooirom
399 2542 567 2623 eumad-idio
582 2548 665 2605 ruodo
679 2546 782 2605 dicuat
786 2567 821 2603 ur
841 2556 908 2604 cuda
921 2546 1043 2621 aliquod
1055 2546 1158 2605 Altare
1170 2547 1204 2605 iu
1225 2548 1363 2623 Ecclesia,

157 2627 203 2687 uel
214 2629 250 2687 iu
256 2626 429 2723 polajlqad
441 2627 655 2697 looc¹coustituto
665 2651 675 2687 :
696 2636 793 2686 tornea
807 2626 945 2685 Psolucus
958 2626 1005 2685 De
1019 2626 1172 2703 profundis
1186 2648 1253 2685 cum
1274 2629 1363 2688 Versu

157 2717 185 2767 et
200 2706 337 2769 Oroliom
350 2706 492 2783 Absoluc,
508 2726 684 2783 quoesumus,
700 2707 836 2780 Domine,
852 2727 961 2782 semper
974 2709 1008 2765 iu
1021 2708 1143 2767 staliouc
1156 2717 1223 2766 ascio
1238 2708 1362 2769 cuium

157 2789 194 2847 in
212 2788 342 2847 Ecclesia
363 2789 531 2863 supradicto
545 2788 629 2848 modo
651 2788 813 2865 (dicotur),
836 2788 897 2846 uisi
916 2788 950 2846 io
969 2787 1146 2864 Duplicibus
1166 2788 1261 2848 Fastis
1280 2799 1306 2848 et
1327 2790 1361 2849 ia

155 2877 237 2927 surm
263 2869 310 2927 die
333 2888 353 2925 a
372 2868 537 2927 Nolicilole
562 2867 694 2941 Domiui,
723 2877 749 2927 el
772 2869 807 2927 iu
833 2868 880 2927 die
906 2869 1001 2927 ccccccli
1020 2868 1161 2941 Silocslri,
1185 2870 1305 2945 qsaaocdo
1325 2871 1360 2930 io

156 2946 316 3025 Damio-ica
328 2948 449 3031 occiserit
460 2970 472 3017 ,·
493 2957 519 3006 el
533 2948 593 3007 uisi
609 2949 641 3006 iu
653 2948 813 3008 Doociaica
827 2948 1011 3021 Palucoruoc,
1026 2958 1060 3008 ut
1074 2969 1166 3026 supra
1178 2951 1316 3009 dicimus.

217 3029 330 3087 Finitis
348 3026 483 3104 precibus
505 3028 617 3087 ‘intrent
645 3028 781 3101 Cluocuuc,
805 3038 920 3089 oaalcrc
947 3030 1102 3106 incip-leals
1132 3030 1360 3107 Ilespousorium

154 3108 312 3167 Loetentur
334 3109 406 3181 cccli,
432 3118 458 3168 et
485 3117 584 3180 celero,
607 3130 674 3168 curu
703 3109 791 3169 Versu
814 3110 859 3168 cel
884 3111 946 3169 siue
975 3110 1064 3169 Versu
1085 3131 1143 3187 pro
1170 3112 1356 3186 dispositione

153 3188 291 3261 cantoris,
307 3188 429 3247 Oriotur
447 3189 481 3247 in
504 3186 608 3247 diebus
631 3190 704 3267 ejus,
724 3200 750 3247 et
771 3199 869 3269 cetero,
889 3192 938 3249 scd
961 3191 1024 3249 sios
1047 3190 1157 3249 Gloria
1201 3192 1286 3262 Quod
1301 3211 1358 3268 per

154 3278 248 3328 lotum
261 3289 376 3328 arricum
390 3270 557 3341 observetur,
573 3271 691 3345 querulo
705 3270 816 3327 <licitur
831 3269 1055 3345 Respousoriuoa
1067 3270 1102 3329 io
1115 3271 1239 3343 introitu
1254 3269 1355 3344 (llari,

154 3358 181 3409 el
194 3350 312 3427 qrtcccdo
326 3350 452 3421 cliculur,
475 3349 578 3409 Versus
591 3358 761 3408 osculatura
775 3357 831 3406 tolo
847 3348 973 3413 C'lloro..
1015 3366 1021 3381 ⁸
1159 3356 1163 3363 '

212 3430 326 3489 Deicule
339 3430 418 3489 dicat
430 3429 569 3490 Smerdos
581 3430 624 3488 od
632 3430 761 3505 pradum
772 3427 860 3488 Obori
873 3428 952 3486 lusorio
970 3427 1097 3500 Versum,
1113 3428 1184 3487 Vox
1198 3428 1353 3488 clamantis

153 3510 186 3569 in
199 3510 323 3569 deserto.

212 3589 446 3667 Respoiuociuiu.
489 3590 597 3647 Parate
610 3588 690 3647 rium
704 3586 836 3660 Domini,
851 3594 877 3646 el
890 3594 988 3645 cetera.

210 3670 282 3731 Noa
304 3669 416 3730 dicit-ur
439 3669 586 3728 Dominus
609 3667 762 3726 vobiscum
784 3675 851 3744 post
877 3664 1089 3727 Prooesscbrseoe
1099 3686 1112 3736 ;
1142 3663 1277 3725 similitor
1296 3686 1353 3744 per

153 3758 247 3810 lolam
259 3771 383 3826 oaauos,
399 3751 448 3810 sed
463 3758 579 3809 loatccm

210 3832 348 3970 grrdliolls'
363 3909 481 3983 Excita,
497 3928 675 3986 (poossumus,
691 3907 829 3980 Domine,
843 3905 1018 3983 potentiam,
1033 3912 1060 3965 el
1073 3914 1171 3965 celcra.

207 3990 322 4051 Deinde
335 4000 381 4051 eat
394 3990 535 4052 Sacerdos
548 4010 616 4049 cuia
628 3988 693 4048 suis
705 3987 856 4047 Miaisbis
870 3987 904 4045 ia
918 3984 1116 4046 Carueleriiuu
1133 3985 1352 4047 C‘aaouicorum

146 4072 331 4148 ccspmoeado,
346 4080 372 4130 el
385 4072 497 4131 marulo
517 4070 598 4129 dicat
618 4070 773 4129 Psalmuoc
786 4069 834 4126 Do
847 4066 1010 4145 profundis,
1026 4087 1093 4126 curu
1107 4066 1245 4127 Oratioou
1258 4066 1350 4140 Dens,

148 4152 234 4229 cujus
246 4152 443 4224 miseratione,
459 4160 485 4210 et
499 4158 597 4209 cetera

151 4286 154 4291 .
207 4230 268 4292 isle
278 4234 383 4292 arodus
395 4240 421 4289 el
435 4232 505 4289 ordo
516 4230 714 4290 I'rocossiouis
723 4227 1032 4305 serveturqeaeroliter
1041 4228 1175 4289 coraibus
1184 4226 1352 4290 Dominicis
