3022 4966
584 365 689 434 Ritus
709 366 931 454 Baptiearuii.
1324 373 1365 437 19

154 543 219 604 eit:
251 543 278 603 Ο
301 543 454 624 generetis
468 543 642 627 incredule,
671 545 814 623 quamdiu
840 545 921 623 apud
945 564 998 604 voa
1024 547 1091 605 erol
1135 545 1287 617 Quamdiu
1313 565 1367 606 vos

154 640 272 717 petierl
311 642 429 701 Afferte
448 641 535 700 illum
555 642 595 700 nd
618 661 673 701 me.
717 643 759 700 Et
782 644 953 702 attulerunt
979 662 1056 701 eum.
1099 642 1229 701 Etcum
1242 643 1368 703 vidisset

155 738 252 813 illum,
271 741 375 800 etcum
391 741 515 818 spiritus
536 741 729 799 conturbavit
750 760 826 813 eum,
849 747 881 799 et
903 741 994 801 elisue
1017 742 1050 799 in
1071 746 1153 800 terre
1172 742 1368 800 volutabatur

155 854 305 912 spumans.
347 836 389 896 Et
401 837 601 915 interrogavit
611 844 727 915 patrem
741 838 812 915 ejus.
865 837 1021 909 Quantum
1034 838 1176 915 temporis
1189 831 1294 913 eetex'
1307 858 1367 917 quo

154 944 201 1002 illi
214 945 270 1005 boc
289 946 420 1005 ecciditl
461 947 509 1005 At
527 947 579 1004 ille
599 947 659 1004 uit:
680 947 732 1004 Ab
745 946 889 1020 infantie3
908 954 940 1006 et
953 946 1126 1024 frequenter
1137 966 1207 1007 eum
1220 947 1367 1026 inignem

154 1050 187 1102 et
210 1045 243 1103 in
264 1065 374 1122 aquam
397 1045 489 1118 misit,
513 1051 549 1102 ut
572 1064 642 1103 eum
664 1044 820 1122 perderet:
841 1045 892 1103 eed
916 1045 1034 1122 siquid
1056 1051 1150 1123 pates,
1164 1046 1285 1124 'adjuva
1302 1066 1367 1120 nos,

154 1141 296 1200 misertus
307 1141 411 1200 nostri
453 1140 476 1200 J
477 1160 543 1199 esus
556 1146 657 1199 eutem
670 1140 715 1198 eit
728 1139 775 1198 illi
789 1161 796 1199 :
820 1140 852 1199 Si
862 1146 947 1218 potes
960 1140 1086 1213 credere,
1101 1141 1204 1200 omniu
1215 1140 1368 1218 possibilie

154 1244 227 1297 sunt
239 1238 380 1296 credenti
424 1238 465 1296 Et
478 1238 620 1296 continuo
633 1237 803 1296 exclamans
815 1244 903 1315 peter
921 1237 1009 1315 pueri
1021 1257 1089 1297 cum
1103 1237 1243 1314 lucrymis
1256 1239 1365 1311 ciebat,

156 1334 261 1407 Credo,
284 1335 435 1408 Domine;
460 1335 571 1413 adjuva
589 1334 831 1394 incredulitatem
850 1354 955 1394 mecm.
998 1334 1126 1393 Etcum
1144 1334 1259 1394 videret
1277 1334 1299 1392 J
1300 1355 1368 1394 esus

155 1438 381 1491 concurrentem
404 1432 533 1506 tumbam,
556 1432 754 1490 comminatus
776 1438 823 1491 eet
844 1431 966 1510 spiritui
984 1431 1149 1505 immundo,
1173 1432 1275 1492 dicens
1302 1432 1369 1490 illi:

156 1529 251 1589 Surde
271 1534 304 1588 et
326 1535 409 1588 mute
433 1529 573 1608 Spiritus,
594 1548 649 1607 ego
670 1529 728 1587 tibi
751 1529 899 1607 precipio,
921 1530 971 1587 exi
994 1529 1033 1586 ab
1058 1547 1102 1602 co,
1125 1529 1305 1607 etamplius
1329 1548 1368 1587 ue

155 1626 285 1685 introeas
298 1627 332 1684 in
350 1646 427 1685 eum.
470 1626 513 1684 Et
532 1626 664 1685 clemens
683 1631 716 1684 et
735 1628 867 1685 multum
887 1626 1056 1704 discerpens
1076 1646 1155 1698 eum,
1169 1626 1246 1685 exiit
1266 1627 1305 1685 ab
1323 1646 1366 1686 eo.

156 1722 197 1780 Et
211 1722 309 1782 foetus
326 1730 372 1782 est
387 1724 466 1782 sicut
481 1729 618 1781 mortuus
627 1743 638 1798 ;
661 1723 706 1781 ita
727 1729 763 1782 ut
782 1723 873 1782 multi
896 1723 1037 1798 dicerent,
1060 1723 1132 1801 quia
1155 1729 1292 1783 mortuus
1312 1731 1367 1783 est.

153 1818 243 1878 Jesus
266 1826 368 1878 eutem
390 1827 496 1878 tenens
519 1839 642 1877 manum
666 1821 739 1896 ejus,
765 1819 896 1879 elevavit
920 1839 998 1892 eum,
1020 1819 1102 1879 *Hic
1128 1819 1208 1879 dicut
1229 1819 1369 1880 Sacerdos

155 1917 315 1989 comatam,
324 1926 360 1976 ut
367 1926 470 1993 caract
479 1936 546 1976 eum
551 1917 674 1994 parra*
685 1924 716 1976 et
725 1918 865 1977 surrexit.
899 1917 1018 1977 Etcum
1028 1918 1182 1977 introisset
1193 1917 1225 1976 in
1234 1917 1366 1989 domum,

154 2012 292 2090 discipuli
314 2015 378 2092 ejus
405 2020 519 2074 secreto
544 2015 771 2092 interrogabant
798 2035 875 2074 eum.
919 2016 1019 2087 Quare
1046 2034 1101 2073 noe
1130 2034 1189 2074 non
1212 2015 1367 2092 potuimus

153 2110 259 2186 ejicere
276 2111 385 2171 illumi
425 2113 467 2170 Et
488 2112 568 2170 dixit
588 2113 650 2172 eis:
672 2112 740 2170 Hoc
757 2132 851 2191 genus
869 2112 902 2170 in
922 2113 1007 2171 nullo
1024 2118 1125 2189 potest
1149 2113 1242 2184 exire,
1261 2112 1321 2169 nisi
1333 2112 1368 2169 in

155 2209 289 2266 oratione
303 2215 334 2266 et
347 2209 474 2284 jejunio.
620 2203 623 2208 ’

215 2304 384 2364 Secundam
398 2304 573 2366 Jolsarertem.

216 2401 256 2457 In
269 2401 415 2478 principio
428 2406 494 2458 eret
501 2400 655 2458 Verbum:
676 2405 708 2458 et
721 2400 859 2460 Verbum
869 2405 935 2458 eret
947 2399 1027 2478 apud
1041 2398 1150 2472 Deum,
1165 2406 1196 2458 et
1210 2400 1292 2458 Deus
1299 2407 1364 2459 erat

157 2497 298 2556 Verbum.
345 2497 415 2555 Hoc
428 2503 492 2555 erat
505 2497 539 2554 in
552 2497 699 2575 principio
719 2496 799 2574 apud
816 2497 924 2555 Deum.
978 2496 1087 2556 Omnia
1107 2496 1272 2573 peripsum
1285 2496 1364 2555 facte

152 2601 232 2666 sunt,
247 2601 278 2653 et
292 2594 356 2653 sine
368 2595 433 2672 ipso
447 2593 559 2653 fuctum
574 2594 709 2653 estnihil
724 2594 804 2670 quod
816 2593 930 2652 factum
944 2600 997 2653 est.
1040 2594 1081 2651 In
1095 2594 1159 2672 ipso
1170 2595 1322 2668 vitamet,
1333 2600 1365 2653 et

152 2692 217 2750 vite
239 2697 305 2750 erut
323 2691 378 2750 lux
402 2691 565 2750 bominum.
610 2690 652 2749 Et
674 2691 729 2748 lux
745 2690 779 2749 in
802 2691 933 2750 tenebris
956 2691 1037 2750 lucet
1049 2711 1059 2765 3
1089 2695 1121 2750 et
1145 2692 1274 2750 tenebrae
1297 2710 1363 2750 eem

151 2811 213 2849 nou
241 2791 536 2869 comprehenderunt
591 2790 665 2848 Fuit
687 2789 776 2847 bomo
796 2789 903 2850 misera
926 2810 945 2848 a
976 2791 1050 2864 Deo,
1082 2788 1132 2848 cui
1151 2774 1275 2849 ‘nomen
1299 2798 1365 2850 erat

150 2891 313 2950 Johannes
369 2891 432 2949 Hic
454 2888 591 2948 venitin
613 2888 827 2961 testimonium,
849 2894 886 2946 ut
906 2889 1111 2948 testimonium
1134 2889 1305 2966 perhiberet
1326 2889 1363 2950 de

150 2989 272 3061 lumine,
283 2994 319 3046 ut
339 3007 441 3046 omnes
455 2986 608 3046 crederent
622 3006 675 3063 per
695 2985 789 3045 illum
833 2985 906 3044 Non
919 2992 985 3045 erat
1004 2985 1056 3044 ille
1069 2986 1144 3060 lux;
1165 2987 1217 3045 sed
1230 2994 1266 3046 ut
1279 2988 1363 3046 testi-

149 3085 284 3143 monium
305 3085 474 3162 perhiberet
496 3083 534 3143 de
555 3082 678 3145 lumine.
721 3083 798 3142 Erat
818 3082 873 3141 lux
890 3102 969 3158 veru,
988 3103 1055 3159 quae
1072 3083 1226 3141 illuminet
1243 3102 1362 3142 omnem

150 3181 301 3241 hominem
313 3183 485 3241 venientem
497 3181 531 3239 in
548 3182 629 3240 hune
642 3180 797 3238 mundum.
840 3179 880 3237 In
898 3179 1011 3239 mundo
1029 3186 1103 3254 eret,
1117 3186 1149 3239 et
1166 3180 1296 3240 mundus
1309 3200 1363 3258 per

148 3279 248 3356 ipsum
261 3278 357 3337 noua
370 3285 436 3336 est:
459 3283 490 3337 et
511 3278 640 3335 mundus
653 3296 721 3336 eum
741 3294 803 3334 uon
817 3277 963 3354 cognovit.
1006 3276 1046 3334 In
1066 3276 1187 3354 proprie
1205 3277 1309 3336 venit:
1330 3284 1362 3335 et

148 3375 198 3435 eui
218 3393 288 3432 eum
308 3393 371 3433 non
394 3378 578 3449 receperunt.
622 3373 778 3449 Quotquot
798 3375 900 3428 autem
921 3378 1099 3448 receperunt
1120 3392 1198 3446 eum,
1213 3372 1297 3432 dedit
1318 3375 1362 3432 eie

148 3477 328 3550 potestatem
341 3469 419 3528 filios
440 3469 500 3527 Dei
512 3468 586 3540 fieri,
601 3469 648 3526 his
662 3469 715 3544 qui
735 3467 862 3525 credunt
880 3467 914 3523 in
935 3467 1056 3524 nomine
1076 3469 1160 3543 ejus3
1181 3469 1234 3545 qui
1247 3488 1309 3527 non
1322 3488 1361 3527 ex

148 3567 354 3645 sanguinibus,
369 3583 467 3641 neque
480 3583 518 3622 ex
531 3564 688 3621 voluntate
705 3562 811 3634 curnis,
827 3580 924 3637 neque
943 3580 981 3619 ex
995 3562 1151 3621 voluntate
1164 3564 1238 3637 vivi,
1253 3564 1305 3623 sed
1322 3584 1361 3624 ex

150 3665 218 3724 Deo
236 3663 302 3722 neti
323 3667 403 3722 sunt
446 3661 489 3719 Et
505 3660 641 3718 Verbum
655 3678 722 3718 cero
735 3659 849 3717 factum
863 3663 918 3731 eet,
938 3664 969 3717 et
985 3657 1135 3717 habitavit
1152 3659 1185 3717 in
1199 3661 1305 3721 nobie:
1330 3670 1362 3722 et

148 3761 281 3820 vidimus
298 3760 425 3838 gloriam
446 3759 518 3836 ejus,
537 3756 661 3834 glorium
680 3755 765 3832 quasi
787 3754 979 3832 Unigenitia
999 3754 1099 3829 Patre,
1118 3756 1240 3834 plenum
1256 3760 1361 3836 gretiae
1450 3744 1477 3811 ⁸.

148 3865 182 3917 et
195 3856 344 3916 veritatis.

211 3953 409 4021 mosaeam
418 3960 459 4010 est
467 3951 547 4028 qaod
557 3948 676 4027 quilibet
686 3949 826 4009 Sacerdos
832 3948 1000 4026 paroeladis
1009 3950 1088 4010 debet
1095 3952 1289 4029 parochianis
1298 3955 1362 4016 sais

137 4055 278 4130 sorerem
291 4051 462 4129 baptizandi
474 4051 509 4109 in
522 4070 601 4126 aqua
616 4068 700 4126 para
719 4048 855 4107 natarali
867 4058 894 4108 et
907 4051 1013 4110 recenti
1024 4060 1052 4110 et
1065 4071 1125 4111 non
1138 4053 1173 4110 ire
1185 4053 1286 4130 aliquo
1300 4056 1361 4134 alio

149 4152 261 4226 liquore
265 4148 438 4225 frequenter
451 4149 485 4206 ire
499 4147 664 4207 Dominicis
681 4145 783 4206 <tetra
796 4167 953 4225 asparem
974 4156 1008 4208 ut
1021 4149 1049 4208 si
1061 4151 1213 4210 meritae
1225 4161 1361 4230 eorerpat,

199 4310 211 4335 “
228 4309 298 4355 York
308 4307 460 4355 lte-“115⁶
470 4307 583 4355 Sacerdos
593 4306 661 4354 elevet
671 4306 784 4366 infirment
789 4323 835 4368 per
844 4325 935 4356 masam
945 4309 1085 4357 dexteram.”

198 4385 211 4444 †
227 4385 306 4431 These
320 4384 416 4432 rubrica
430 4396 470 4431 ere
486 4383 584 4432 omitted
599 4383 624 4431 iu
641 4382 681 4431 sir
691 4383 707 4430 J
708 4382 758 4429 olm
768 4382 892 4434 Lauson's
902 4386 950 4432 and
964 4386 1006 4432 the
1016 4385 1087 4431 York
1096 4385 1149 4433 MS.
1182 4388 1235 4435 The
1246 4389 1368 4436 Bodleian·

152 4460 207 4508 MS.
218 4461 240 4506 ie
250 4459 374 4509 deioctlvc.
