2962 4928
461 413 466 422 ·
499 383 665 449 Manuale
679 381 727 448 od
740 402 844 448 usum
857 381 993 449 Sarum

203 549 317 610 Deinde
330 551 409 610 dicat
422 549 563 610 Sacerdos
572 573 582 609 .·
602 548 782 609 Benedicite.

201 631 553 771 Quoaeoffiusuivis
574 710 710 786 glutiam,
732 708 881 767 defunctis
904 707 1143 781 misericordium,
1164 707 1293 767 eoclesiae
1313 716 1345 766 ot

142 809 233 866 regno
247 811 357 870 paoem,
372 799 403 849 et
416 790 503 849 nobis
515 791 610 848 vitam
624 797 773 847 aeternsm.
816 790 925 846 Amen.

201 872 242 929 Et
255 872 374 930 dicmur
387 871 526 930 Psalmue
546 872 593 928 De
612 870 767 946 profundis
786 870 821 927 iu
833 873 897 944 fine
915 869 1084 943 oratiarum
1098 878 1167 945 poet
1174 865 1344 945 prandium

142 951 224 1009 amm
247 951 294 1010 du
312 972 368 1027 per
391 971 506 1009 aunum
529 952 564 1009 de
588 969 759 1026 quocunque
770 953 832 1025 fiat
851 949 1009 1022 servitium,
1029 949 1091 1008 uisi
1114 950 1149 1007 in
1170 949 1345 1025 Duplioibus

142 1030 239 1090 Fertis
252 1031 479 1108 Principalibm.

626 1169 717 1226 Auru
739 1167 857 1226 Oasin.

202 1317 277 1375 Arde
304 1336 404 1375 seuam
430 1336 495 1375 vero
516 1335 571 1391 per
593 1323 686 1373 totam
712 1334 828 1373 astitum
847 1318 929 1390 fiant
951 1312 1157 1374 bendictum
1176 1313 1228 1372 lcoo
1248 1314 1342 1386 modo,

141 1396 292 1456 baomdote
305 1399 413 1455 dicerem
422 1421 432 1456 .·
453 1397 632 1455 Benedicite.

201 1477 285 1553 Besp.
329 1478 482 1536 Dominus.

198 1556 344 1617 Sacerdos.
388 1558 500 1617 (lenem
518 1557 690 1628 sanctificet,
705 1555 758 1632 qui
778 1555 863 1612 nobis
883 1556 983 1613 omnia
1003 1555 1121 1632 proebet.
1165 1554 1205 1611 In
1223 1554 1342 1611 nomino

140 1637 238 1695 Patris
248 1637 288 1718 ›1‹
297 1646 327 1696 ot
343 1638 413 1695 Filii
426 1645 458 1696 et
472 1638 601 1715 Spiritus
615 1637 724 1695 Sancti.
768 1636 876 1692 Amen.

627 1826 709 1883 Posr
730 1824 850 1881 Omnis.

198 1963 312 2021 Deiude
328 1972 397 2038 poet
418 1982 518 2020 ceriam
535 1981 590 2036 per
609 1969 700 2017 totum
713 1979 837 2031 (sunum,
853 1960 915 2016 aiei
930 1978 984 2035 per
997 1959 1207 2019 hebdomadam
1223 1961 1340 2019 Paschae

138 2042 217 2100 dicat
230 2042 371 2101 Sacerdos
383 2042 435 2099 lmo
448 2041 551 2100 modo:

200 2122 379 2178 Benedictus
393 2121 476 2179 Deus
489 2121 522 2176 in
536 2120 621 2177 (lonis
636 2119 714 2177 suis:

201 2202 287 2276 nup.
330 2202 371 2258 Et
385 2206 503 2258 sauctus
517 2201 549 2256 in
563 2199 700 2255 omnibus
713 2197 850 2272 oporibus
864 2197 933 2255 suis.

202 2281 396 2355 Adjutorium
410 2287 546 2338 nostrum
559 2280 591 2336 in
605 2279 724 2335 nomine
738 2277 879 2333 Domini:

200 2360 284 2436 Resp.
328 2361 388 2430 Qui
400 2361 471 2418 fecit
484 2360 588 2418 caelum
602 2366 632 2416 et
645 2365 763 2416 terram.

201 2441 248 2498 Sit
262 2460 369 2498 nomon
383 2440 507 2497 Domini
521 2440 727 2497 benedictum:

183 2562 191 2573 .
241 2522 289 2578 Ex
302 2521 365 2593 hoo,
381 2540 470 2592 nuno,
484 2526 516 2578 et
528 2539 621 2596 usque
634 2519 666 2575 in
681 2518 828 2576 soeculum.

198 2602 346 2676 Sequatur
367 2600 470 2659 Oratio
483 2601 545 2658 siue
559 2600 693 2658 Oremus.
737 2598 913 2655 Retribuoro
927 2596 1066 2673 digrmre:
1087 2618 1154 2657 cum
1166 2599 1340 2677 liliatum

138 2683 173 2738 de
191 2692 292 2739 sancta
313 2682 428 2752 illaria,
447 2690 482 2738 ut
501 2700 593 2756 supra
608 2688 676 2756 poet
692 2679 867 2754 proemium.
915 2677 1081 2753 Nunquam
1101 2689 1200 2738 aulem
1220 2682 1341 2741 ‹Ii'outur

139 2763 275 2821 Psobmus
289 2763 336 2820 De
350 2761 578 2838 profimdis·post
592 2781 691 2818 oeream
705 2759 864 2817 sectandum
878 2776 966 2817 usum
979 2758 1098 2818 Samum.

483 2949 574 3005 Auru
595 2947 765 3007 Pssumun
785 2964 819 3005 iu
840 2948 991 3007 Jmusus.

199 3094 436 3167 Quandocumque
440 3091 540 3167 semme
552 3092 705 3169 jejunium
719 3102 905 3169 praeceptum,
921 3103 955 3151 ul
968 3094 1002 3151 iu
1023 3094 1136 3170 l'iyiliie
1149 3106 1175 3157 et
1191 3099 1337 3170 Quiritum

139 3173 332 3248 Tempombue‚
355 3183 381 3231 et
401 3174 435 3230 iu
454 3174 588 3231 sirenibus
607 3172 774 3232 Feriulibus
795 3174 894 3233 diebus
915 3173 1000 3249 iufra
1024 3177 1284 3254 Quadrayeeimam
1301 3183 1336 3241 do

136 3273 304 3328 quoeunque
320 3257 381 3328 fiat
401 3253 559 3324 servitium,
574 3253 739 3311 Dmuiuiois
759 3253 859 3311 diebus
879 3262 997 3311 mutum
1015 3258 1142 3331 amplis,
1159 3280 1193 3316 uo
1206 3261 1240 3316 iu
1254 3263 1335 3320 omui

136 3333 183 3391 die
202 3333 317 3391 Veneris
329 3354 385 3408 per
397 3353 521 3405 aurium,
536 3335 727 3409 quodcunque
743 3331 863 3390 Festum
882 3332 1002 3407 Duplex
1021 3334 1066 3392 vel
1084 3336 1214 3413 ›S‘irupleae
1227 3340 1334 3399 ibidem

135 3412 292 3488 cmitiqerit,
315 3413 377 3471 uisi
402 3414 437 3470 iu
463 3414 511 3471 die
538 3413 658 3472 Natalis
685 3411 810 3469 Domini
836 3421 862 3470 et
884 3432 941 3487 por
967 3411 1175 3474 hebdoomdam
1202 3418 1331 3491 Paulo,

135 3493 274 3551 (limatur
287 3494 492 3552 beiiediotioms
505 3501 572 3551 aulo
581 3491 748 3568 proredium
761 3490 813 3550 hoo
825 3493 929 3550 modo:

195 3573 373 3632 Beuedioite.
416 3574 499 3649 Reep.
523 3573 678 3630 Dominus,

195 3654 294 3711 Edent
306 3673 449 3731 pauperes
469 3660 500 3711 et
519 3654 741 3723 saturabuntur,
757 3655 787 3709 et
800 3650 966 3708 laudabunt
986 3651 1150 3712 Dominum
1170 3657 1221 3730 qui
1242 3657 1337 3734 requi-

134 3740 206 3790 rimt
219 3754 304 3791 eum:
326 3734 431 3791 vivent
444 3733 532 3790 eorde
546 3752 647 3790 eorum
662 3733 694 3788 in
708 3731 848 3789 soeculum
861 3731 968 3788 saeculi.

195 3814 297 3872 Gloria
310 3814 402 3873 Patri.
446 3813 530 3871 Siout
544 3819 613 3871 erat.

194 3894 292 3970 Kyrie
306 3894 431 3970 eleyson.
475 3893 593 3950 Christe
607 3892 731 3968 eleyson.
775 3891 871 3968 Kyrie
885 3891 1012 3968 eleyson.

194 3973 285 4032 Pater
298 3981 405 4032 noster.
449 3973 491 4030 Et
504 3993 542 4031 ne
555 3993 615 4031 nos.
659 3970 717 4030 Sed
730 3972 823 4030 libem
837 3992 921 4029 noso
935 3974 1020 4031 malo.

193 4053 327 4112 Oremus.
370 4054 508 4126 Benedio,
524 4053 660 4124 Domine,
675 4073 738 4124 nos,
752 4060 787 4110 ut
802 4072 902 4128 supra.

192 4134 214 4192 J
216 4136 282 4207 ubo,
298 4135 435 4206 Domine,
451 4135 628 4191 benedicere.

192 4215 337 4273 Sacerdos.
382 4214 456 4272 cibo
471 4215 633 4290 spiritualis
654 4213 801 4271 alimoniae
815 4214 927 4271 reficiat
939 4233 993 4273 nos
1014 4234 1069 4274 rex
1089 4221 1206 4276 soterum
1225 4221 1332 4298 glorius

133 4295 241 4354 Amen.

192 4375 299 4434 Lecton
344 4375 449 4434 Gratia
470 4374 593 4431 Domini
612 4373 707 4431 nostri
727 4372 803 4431 Jesu
828 4373 939 4431 Christi
958 4384 989 4433 ot
1014 4376 1122 4436 osrites
1146 4378 1204 4437 Doi
1217 4388 1247 4441 ot
1261 4403 1339 4441 oom-

132 4455 293 4513 muniontio
308 4455 410 4514 Sancti
425 4454 554 4534 Spiritus
567 4455 608 4513 sit
620 4472 735 4530 semper
749 4472 817 4512 oum
831 4454 967 4513 omnibus
981 4456 1078 4514 nobis.
1121 4459 1228 4523 Amen.
