3022 4966
522 269 971 357 impastam.
1306 273 1350 344 st

208 431 388 511 sapam.

149 528 1353 679 Q

233 704 470 777 E-ru-ia-ti‚
499 704 691 779 Domi-na,
725 709 903 767 ami-mam
928 728 1055 768 mo-am
1090 728 1129 768 no
1150 709 1320 786 pari-nst.

210 862 392 940 Antipdmm.

877 1264 1280 1323 u-v-o-v-A-u.

214 1345 353 1405 Psalmm
364 1347 510 1427 (azotis)

212 1443 345 1503 laudato
359 1445 523 1506 Dominum
535 1445 573 1506 dc
586 1447 674 1518 coelis,
689 1445 808 1504 laudato
820 1463 889 1503 cum
902 1443 936 1500 in
949 1442 1081 1501 excelsis.

214 1539 349 1600 Laudato
371 1561 448 1617 eum,
470 1562 573 1602 omncs
595 1540 706 1620 Angcli
719 1541 809 1619 Jejus:
839 1540 960 1598 lundata
986 1558 1064 1613 cum,
1089 1558 1191 1599 omncs
1216 1537 1354 1596 Virtutes

151 1650 222 1708 ojus

217 1730 351 1791 Laudato
365 1752 443 1806 cnm,
456 1733 501 1791 sol
514 1739 546 1791 et
558 1733 647 1792 luna:
668 1731 788 1791 laudato
801 1751 878 1805 eum,
892 1749 994 1788 omncs
1007 1729 1099 1788 stollae
1113 1735 1144 1787 ot
1157 1729 1266 1788 lumen.

216 1827 349 1887 laudato
362 1848 440 1902 oum,
454 1829 520 1888 caeli
532 1829 669 1888 calorum
682 1851 689 1888 :
710 1835 742 1886 ct
754 1847 839 1905 aqum
856 1846 967 1899 omncs,
980 1845 1047 1903 quae
1067 1845 1155 1903 super
1174 1827 1260 1884 ooelos
1272 1832 1351 1898 sunt,

152 1924 276 1983 laudent
288 1946 397 1985 nomen
410 1927 542 1985 Domini.

219 2020 298 2089 Quis
310 2021 372 2097 ipsc
385 2021 474 2091 dixit,
487 2027 519 2079 ct
531 2020 610 2079 iacta
621 2027 713 2095 sunt3
734 2021 796 2097 ipso
808 2018 971 2091 mandavit,
986 2024 1018 2077 ot
1029 2023 1128 2076 creata
1141 2024 1219 2075 aunt.

220 2114 334 2172 Stutmt
347 2134 383 2173 ec
394 2115 428 2172 in
440 2120 593 2189 atomum,
609 2122 640 2175 ot
653 2116 688 2175 in
700 2115 841 2173 soecidum
860 2113 978 2173 saculi:
998 2118 1179 2191 praecoptum
1198 2111 1307 2190 posuit,
1325 2119 1357 2170 ct

128 2228 131 2233 ·
156 2228 218 2266 non
229 2209 403 2285 praetcribit

220 2306 355 2365 Laudato
369 2305 532 2366 Dominum
546 2306 583 2366 dc
596 2313 693 2365 terra:
714 2305 863 2379 dracones,
877 2311 909 2365 et
921 2323 1022 2364 omncs
1035 2304 1140 2380 abyssi.

219 2404 313 2481 Ignis,
323 2404 446 2481 grando,
459 2403 522 2477 nix,
534 2403 650 2482 glacies,
661 2403 784 2482 spiritus
796 2402 1007 2481 procellarum:
1028 2421 1094 2479 quae
1107 2400 1221 2460 faciunt
1235 2401 1356 2460 verbum

150 2514 222 2573 ojus

215 2592 346 2666 Montes,
360 2600 392 2651 et
404 2612 506 2651 omncs
519 2593 616 2666 collos,
630 2593 712 2671 ligna
724 2592 884 2666 fructifera,
898 2598 931 2651 ct
942 2611 1043 2650 omncs
1056 2591 1141 2650 oedii.

216 2692 326 2749 Bcstiae
340 2697 371 2749 et
384 2691 524 2749 univorsa
536 2711 651 2768 pecora,
665 2698 824 2769 sementes,
840 2696 872 2749 ct
882 2690 1015 2748 volucoes
1027 2696 1171 2767 pennatae.

218 2788 314 2865 Reges
328 2793 425 2860 tarrac,
439 2793 471 2846 et
483 2807 585 2846 omnes
597 2787 708 2867 populi,
724 2789 879 2866 principes,
893 2794 925 2845 ct
937 2806 1038 2851 omncs
1046 2787 1162 2864 judicos
1175 2792 1270 2845 terrac.

213 2884 347 2943 Juvcnes
362 2891 393 2944 ot
406 2885 544 2964 virgines,
559 2905 643 2944 senos
663 2905 731 2945 cum
748 2885 919 2963 junioribus
941 2884 1064 2945 laudant
1083 2905 1191 2944 nomon
1211 2884 1334 2943 Domini
1343 2905 1352 2956 ς

155 2981 226 3058 quia
238 2982 404 3040 exaltatum
417 2987 463 3040 eat
475 3001 583 3040 nomon
597 2982 661 3059 ejus
674 2983 772 3041 soliua

216 3078 368 3137 Confessio
381 3079 445 3156 ejus
458 3099 546 3156 super
559 3079 663 3137 coelum
675 3085 706 3139 ot
719 3085 837 3151 tonum,
852 3085 884 3136 at
897 3078 1042 3137 exaltavit
1056 3098 1147 3137 cornu
1162 3076 1264 3153 populi
1277 3076 1333 3135 sui

214 3174 358 3253 Hymnus
378 3177 515 3234 omnibus
535 3176 652 3235 Sanctia
672 3178 753 3253 ejus3
773 3176 842 3235 filiis
862 3175 964 3250 Israel,
978 3175 1086 3253 populo
1102 3174 1352 3250 appropinquanti

150 3268 216 3326 sibi.

210 3365 370 3442 (psalmos
382 3365 488 3443 aloc.)

214 3461 342 3520 Cantutc
356 3461 486 3520 Domino
500 3461 648 3520 canticum
661 3481 782 3535 novum,
797 3462 862 3520 laus
874 3462 939 3538 ejus
952 3460 985 3518 in
999 3459 1129 3518 Ecclesia
1144 3459 1326 3516 Sanctorum

214 3559 349 3618 Laetetur
366 3558 459 3616 Israel
472 3559 506 3616 in
519 3577 564 3631 oo,
577 3558 630 3635 qui
649 3559 720 3618 fecit
739 3578 807 3617 eum
817 3579 826 3632 ;
852 3565 884 3617 ct
903 3558 959 3616 filii
981 3558 1053 3616 Sion
1074 3556 1211 3615 exultent
1232 3555 1265 3612 in
1284 3574 1351 3632 rcgc

148 3672 203 3712 suo

213 3747 352 3806 Laudent
364 3766 472 3806 nomon
485 3748 550 3824 ojus
561 3748 595 3806 in
608 3748 715 3822 choro;
735 3747 768 3806 in
780 3753 932 3826 tympano,
947 3752 978 3805 et
991 3747 1131 3823 psalterio
1144 3744 1273 3822 psallant
1286 3744 1322 3802 ei
1376 3792 1380 3797 .

212 3846 291 3917 Quis
311 3845 529 3924 beneplacitum
552 3851 598 3904 cst
619 3846 749 3905 Domino
769 3846 803 3903 in
824 3846 933 3923 populo
953 3864 1024 3903 auo:
1052 3851 1082 3903 ct
1102 3843 1248 3903 exaltabit
1267 3861 1350 3900 mon-

148 3948 249 4003 auotos
261 3942 295 4001 in
308 3943 442 4003 sulutem

212 4039 404 4099 Exultabunt
417 4040 521 4099 Sancti
532 4038 566 4097 in
579 4039 690 4117 gloria:
709 4038 892 4096 luctabuntur
904 4039 938 4095 in
951 4037 1098 4094 cubilibus
1111 4037 1180 4095 auis.

213 4136 418 4197 Exultationaa
437 4136 497 4196 Dei
515 4137 549 4194 in
568 4142 690 4213 gutture
705 4154 808 4194 corum
817 4155 826 4208 ;
846 4141 878 4194 ot
890 4132 983 4213 gladii
1001 4133 1145 4210 ancipites
1164 4133 1197 4190 in
1217 4130 1353 4189 manibus

149 4248 263 4290 corum.

214 4325 266 4386 Ad
280 4324 444 4387 iaciendum
457 4324 621 4384 vindictum
633 4324 667 4383 in
679 4323 859 4397 nationibus,
873 4318 1088 4398 incmpctionos
1102 4321 1134 4380 in
1146 4318 1272 4396 populia
