3022 4966
512 328 780 415 Pereprinocum
794 330 989 398 Serviliam.

729 544 767 610 V.

206 705 327 766 FROM
351 706 439 764 THE
469 706 554 764 ELY
576 707 839 768 PONTIFIOAL
863 708 914 767 IN
935 708 1024 768 THE
1046 710 1305 772 OAMBRIDGE

396 801 666 861 UNIVERSITY
688 803 894 863 LIBRARY.
938 805 1011 866 Sne.
1035 806 1113 864 XII.

211 943 378 1004 Benalictie
391 965 479 1021 super
492 965 537 1004 eos
550 946 603 1022 qui
610 966 728 1023 perepre
736 948 970 1023 proficiscuntur.

212 1025 358 1084 Psalruaa
403 1026 463 1096 Qui
476 1026 593 1084 habitat
606 1027 689 1104 (xc.)

212 1105 359 1164 Puniceus.
402 1105 516 1164 levavi
529 1107 628 1164 oeulos
641 1127 721 1167 meos
736 1108 838 1187 (m)

212 1185 359 1244 Psalmus.
403 1185 450 1244 De
463 1186 618 1263 profundis
631 1188 764 1264 (ccxix.)

213 1265 316 1323 Gloria
330 1265 422 1325 Petii
467 1267 564 1343 Kyrie
577 1267 706 1344 eleyson.
747 1268 839 1327 Pater
852 1275 962 1329 noster.
1004 1269 1045 1328 Et
1060 1289 1099 1328 ne
1112 1289 1174 1330 nos.

211 1345 276 1423 Ego
290 1346 362 1418 dixi,
379 1346 526 1406 Domine:
546 1347 625 1406 Sana
640 1349 778 1408 arrimam.

214 1426 319 1484 Salvos
333 1426 397 1485 fue:
418 1428 500 1486 Deus
513 1447 604 1487 meus.

213 1504 402 1579 Convertere,
420 1509 566 1568 Domine:
587 1509 629 1568 Et
641 1509 841 1588 deprecabilis

214 1586 286 1644 Esto
301 1588 345 1646 ei:
366 1588 398 1644 A
412 1589 492 1648 facie.
687 1614 688 1618 ¹

142 1684 147 1691 ·
172 1727 173 1731 ,
214 1666 305 1726 Mitte
319 1668 364 1727 ei:
387 1669 427 1726 Iit
441 1670 477 1727 de
491 1669 570 1728 Sion

213 1746 351 1821 Domine,
366 1750 492 1808 exaudi:
514 1749 555 1808 Et
568 1750 685 1811 clamor.

213 1827 361 1885 Dominus
375 1830 535 1886 vobiscum.

212 1908 336 1979 Adesto,
353 1907 489 1978 Domine,
504 1918 530 1966 et
544 1917 633 1966 cetera
647 1917 680 1966 at
694 1929 795 1984 sieprc,
809 1928 837 1985 p.
856 1909 921 1968 104.

210 1985 283 2043 Alio
298 1987 407 2045 Oratio.
451 1988 534 2046 Deus
545 1988 671 2045 infinitio
685 1989 899 2061 misericordiis,
914 1998 940 2048 ct
954 1998 1045 2048 cetera
1059 1998 1199 2064 utsupra
1213 1990 1328 2050 ibidcnr.

212 2066 356 2141 Adpcrac
366 2068 494 2125 dandas.

210 2145 323 2223 Accipe
336 2167 435 2223 peram
455 2149 572 2223 signum
591 2146 842 2225 peregrinationis,
892 2148 932 2206 In
946 2149 1065 2207 nomine
1080 2150 1179 2209 Putris
1192 2157 1223 2210 et
1236 2151 1308 2208 Filii
1322 2157 1353 2210 et

152 2226 283 2304 Spiritus
297 2227 407 2286 Sancti.

213 2307 338 2378 Quaado
359 2307 494 2366 tacidum
515 2307 635 2365 dederis.
679 2307 737 2365 Per
756 2307 836 2365 hune
855 2308 994 2366 baculum
1014 2310 1148 2386 accipias,
1164 2320 1190 2370 et
1209 2321 1300 2372 cetera
1316 2319 1351 2369 ut

152 2407 252 2463 seqare,
268 2408 295 2464 p.
314 2388 378 2446 104.

213 2468 379 2527 Berwdictio
392 2469 434 2526 ad
447 2468 583 2527 luculum
596 2476 742 2544 ciperem.

212 2548 349 2621 Domine,
364 2550 386 2609 J
387 2569 438 2608 esu
453 2548 579 2622 Christe,
594 2550 646 2625 qui
659 2548 810 2622 ineffabili,
826 2557 852 2607 et
866 2555 956 2608 c'ctera
971 2557 1004 2608 ut
1017 2569 1118 2627 aspira,
1133 2570 1160 2627 p.
1179 2549 1245 2612 W.

214 2629 298 2687 Tuae
312 2627 418 2688 <lemur
431 2630 472 2688 eis
479 2649 566 2706 perce.

213 2710 252 2767 In
272 2712 391 2769 nomine
411 2711 527 2770 Sanctae
547 2719 578 2767 et
598 2709 767 2767 Indiuiduae
788 2708 954 2782 Trinitatis,
970 2710 1018 2768 Sit
1038 2710 1095 2768 tibi
1116 2710 1229 2770 Christi
1242 2711 1350 2790 juguni

152 2799 339 2849 mansuetum
353 2799 383 2849 et
403 2792 476 2865 leve,
491 2798 526 2849 ut
546 2809 606 2849 suaa
625 2790 817 2866 protectionis
835 2791 1002 2849 munimine
1022 2791 1170 2850 custodiat
1191 2799 1222 2850 te
1241 2793 1352 2868 ubique

151 2870 352 2945 comitantem,
378 2875 519 2949 quatinus
542 2872 580 2929 ad
600 2878 717 2947 portam
738 2870 896 2929 salutifera
917 2871 1098 2930 remissionis
1124 2872 1353 2930 misericorditer

151 2953 290 3010 merearis
303 2952 401 3010 attolli
414 2960 503 3030 atque
517 2959 634 3011 retemae
654 2952 849 3010 beatitudinis
867 2954 964 3029 gratia
983 2952 1110 3012 feliciter
1129 2952 1250 3031 perimi
1293 2953 1353 3010 Per

152 3032 285 3090 eundem.

212 3112 264 3170 Ad
277 3112 421 3171 baculum.

210 3192 322 3269 Accipe
343 3193 480 3250 baculum
500 3192 727 3251 sustentationis
747 3192 794 3250 vcl
815 3192 992 3252 defensionis
1012 3193 1137 3253 Domini
1156 3192 1253 3252 nostri
1275 3193 1352 3251 Jesu

150 3270 272 3344 christi,
287 3292 345 3349 quo
358 3278 543 3331 sustentante
559 3292 675 3350 grossus
689 3273 804 3330 itineris
819 3273 866 3330 tui
886 3274 1013 3332 firmiter
1032 3294 1152 3352 pergere
1165 3275 1272 3347 valeas,
1288 3292 1353 3350 pro-

149 3350 199 3409 cul
212 3355 319 3410 amotis
332 3354 487 3411 venenosis
500 3353 727 3431 impulsionibus
739 3353 884 3428 serpentis
898 3353 1023 3429 antiqui.
1067 3353 1126 3411 Per
1139 3354 1273 3413 eundem.

211 3432 360 3510 Asperges
373 3453 429 3505 mc,
444 3433 579 3493 Domine.
1052 3443 1055 3449 ’

211 3513 378 3572 Benedictio
386 3534 465 3591 perce
479 3522 504 3571 et
518 3513 614 3572 bassili
621 3512 852 3589 pereffluerem.

211 3594 294 3653 Deus
307 3595 494 3672 omnipotens
509 3594 561 3671 qui
573 3593 728 3663 mundum,
743 3601 768 3650 et
782 3601 872 3650 cetera
885 3600 1033 3668 utsupra,
1048 3611 1076 3668 p.
1095 3592 1161 3651 103.

210 3673 262 3732 Ad
273 3675 405 3733 aarum
415 3694 526 3750 percite
569 3674 682 3749 Accipe
696 3673 771 3730 hanc
785 3692 894 3749 peram,
911 3681 936 3731 et
950 3681 1040 3732 cetero
1053 3681 1189 3749 utsupra
1203 3672 1317 3734 itidem.

210 3752 263 3812 Ad
274 3755 417 3814 bacalum.
459 3753 518 3812 Per
531 3753 610 3812 hune
622 3753 768 3826 baculum,
783 3761 809 3811 et
822 3761 913 3812 cetero
928 3762 960 3812 ut
973 3773 1073 3830 sttpra,
1089 3772 1117 3830 p.
1136 3754 1201 3813 104.

211 3834 360 3893 Dominus
373 3834 534 3893 vobiscum.
578 3834 688 3893 Oratio.

211 3914 407 3992 Omnipotens
422 3914 513 3987 Deus,
528 3916 579 3992 qui
594 3921 639 3973 est
653 3915 710 3986 vis,
726 3922 752 3972 et
767 3920 856 3972 cetera
870 3921 903 3970 ut
917 3932 1009 3990 snpra
1024 3913 1136 3972 ittlem.

584 4070 776 4129 Bruanrcno
797 4084 911 4129 caucis

211 4182 362 4260 Rogamus
375 4190 415 4257 te,
430 4184 567 4255 Domine,
581 4189 682 4241 sancte
696 4181 795 4252 Pater,
809 4182 996 4259 omnipotens
1012 4185 1122 4239 aetemc
1136 4181 1227 4253 Deus,
1242 4184 1277 4238 ut
1290 4179 1353 4258 dig·

148 4262 229 4321 ne1is
242 4264 422 4335 benedicere,
433 4265 488 4322 hoc
499 4271 557 4322 tuae
569 4269 677 4320 sanctae
688 4263 780 4320 erucis
794 4264 921 4339 signum,
933 4267 969 4318 ut
982 4260 1023 4319 sit
1035 4261 1106 4319 huic
1119 4260 1231 4319 firmulo
1241 4265 1296 4320 tuo
1308 4279 1352 4319 re

148 4343 280 4402 medium
288 4345 426 4418 salutare,
433 4352 468 4403 ut
476 4344 516 4402 sit
522 4341 655 4402 soliditas
663 4342 741 4413 fidei,
746 4342 1042 4418 profectusbonorum
1051 4359 1181 4418 operum,
1187 4340 1353 4420 redemptio

147 4423 326 4497 animarum,
340 4425 484 4502 protectio
498 4443 531 4483 ac
545 4421 639 4481 tutela
652 4429 757 4482 contin
769 4443 847 4482 saeva
854 4422 956 4500 jacula
968 4421 1166 4482 inimicorum.
1208 4420 1274 4482 Per.

620 4541 624 4548 .
729 4505 773 4561 οὔ
