3022 4966
146 363 209 429 118
338 359 567 448 &macellum
587 357 628 424 dc
651 354 869 441 acceptione
891 353 987 420 beate
1007 350 1141 418 Mam.

145 553 246 606 autem
268 544 373 624 genuit
391 541 533 603 Joatham
575 539 710 599 Joathan
729 544 830 597 autem
849 535 954 616 genuit
973 536 1083 594 Ache-r.
1126 535 1228 594 Achaz
1248 543 1348 597 autem

145 644 249 722 genuit
262 641 426 701 Fneohiam.
469 637 606 698 Fceehias
619 642 720 696 autem
736 636 840 713 genuit
859 635 1036 692 Meneseem.
1080 633 1233 693 Manassae
1246 642 1348 694 eutem

146 739 252 820 genuit
277 739 387 797 Amon
431 738 533 795 Amen
558 740 660 793 sutem
686 733 792 810 genuit
819 731 941 791 Josiam.
987 730 1087 790 Josias
1114 737 1215 789 autem
1242 733 1348 810 genuit

145 837 168 896 J
169 834 322 896 ochosiam
335 838 367 892 et
378 833 484 890 fratres
497 831 570 908 ejus,
586 831 619 888 in
632 829 891 907 transmigratione
906 826 1073 904 Babylonis
1118 826 1159 884 Et
1175 834 1244 903 post
1256 834 1351 887 trans-

147 932 354 1012 migrationem
381 929 544 1008 Bubylonis
569 927 729 988 Jechonias
750 927 856 1004 genuit
883 924 1034 984 Selathiel
1076 923 1219 983 Selathiel
1246 932 1346 985 autem

146 1030 252 1110 gennit
285 1027 456 1088 Zorobabel
503 1025 665 1085 Zorobabel
692 1029 792 1083 autem
826 1024 932 1102 genuit
959 1023 1071 1081 Abiud.
1114 1023 1218 1081 Abiud
1245 1032 1346 1084 eutem

147 1129 253 1206 genuit
272 1126 427 1186 Eliechim
470 1125 616 1183 Eliaohim
636 1130 735 1181 autem
757 1121 862 1198 genuit
884 1120 972 1177 Azor.
1014 1119 1096 1176 Aaor
1118 1125 1218 1178 autem
1242 1122 1348 1196 genuit

149 1225 272 1285 sadoch.
314 1223 428 1284 Sadoch
449 1229 549 1282 autem
572 1222 676 1300 genuit
699 1219 818 1278 Achim.
861 1217 972 1274 Achim
995 1222 1095 1274 autem
1119 1217 1224 1293 genuit
1248 1219 1347 1277 Eliud·

149 1323 353 1382 llliudsutem
368 1321 472 1400 genuit
485 1319 614 1378 Eleazar.
656 1316 779 1375 Eleazar
798 1321 898 1373 autem
918 1314 1022 1391 genuit
1043 1313 1177 1372 Matheo.
1221 1315 1348 1372 Matham

147 1423 248 1478 eutem
261 1417 366 1496 genuit
378 1416 480 1476 Jacob.
522 1413 618 1472 Jacob
631 1419 732 1471 sutem
747 1411 851 1490 genuit
864 1410 886 1469 J
887 1410 977 1486 oseph
990 1409 1090 1468 virum
1111 1408 1349 1486 Marisr,deq11a

147 1522 237 1574 natus
249 1520 296 1575 est
308 1514 330 1574 J
331 1533 406 1587 esus,
422 1512 474 1590 qui
487 1517 611 1569 vocatur
624 1507 769 1567 Christus.

357 1799 566 1856 Erasosumr
586 1812 628 1854 na
649 1795 864 1854 Coscsmosn
885 1811 991 1852 saara
1012 1795 1136 1854 Macris

208 1985 356 2044 Dominus
369 1984 532 2043 vobiscum.

200 2081 357 2160 Sequentia
369 2082 465 2141 sancti
477 2079 634 2156 Ecunpelii
643 2077 804 2138 secundum
818 2079 938 2137 hicum.

209 2179 312 2241 Gloria
324 2179 393 2253 tibi,
406 2179 543 2236 Domine.

209 2279 333 2337 Factum
346 2284 392 2336 est
405 2283 505 2336 autem
519 2295 587 2334 cum
600 2275 801 2353 baptizaretur
813 2274 910 2331 omnis
922 2274 1058 2350 populus,
1069 2281 1100 2333 et
1113 2275 1135 2333 J
1137 2294 1188 2333 esu
1200 2277 1349 2354 baptizato

146 2384 179 2436 et
198 2384 310 2449 orante,
324 2383 461 2454 apertum
480 2381 526 2434 ost
545 2375 650 2433 osclum
657 2395 668 2448 3
688 2380 719 2432 et
735 2372 886 2431 descendit
908 2370 1038 2449 Spiritus
1060 2372 1186 2432 Sanctus
1206 2376 1350 2452 corporali

147 2476 242 2552 specie
263 2475 341 2534 sicut
361 2475 497 2534 columbe
516 2473 550 2530 in
570 2473 685 2549 ipsum:
705 2476 737 2529 et
756 2491 817 2529 vox
837 2470 874 2529 de
894 2469 964 2529 coelo
984 2469 1063 2528 sacta
1083 2478 1126 2530 cst
1136 2492 1145 2545 ;
1167 2472 1214 2530 Tu
1228 2493 1258 2530 es
1271 2473 1349 2531 filius

148 2590 230 2630 meus
244 2571 377 2644 dilectus,
392 2571 426 2628 in
439 2576 470 2627 te
483 2568 661 2646 complacuit
675 2566 757 2625 mihi.
795 2567 837 2624 Et
851 2567 913 2643 ipse
926 2565 947 2624 J
949 2585 1015 2624 esus
1030 2574 1094 2625 erat
1107 2569 1250 2645 incipiens
1265 2573 1349 2647 quasi

146 2689 291 2727 annorum
315 2669 448 2746 triginta,
471 2676 505 2725 ut
527 2669 698 2744 putubatur,
713 2666 792 2724 filius
812 2665 934 2742 Joseph,
957 2666 1017 2734 Qui
1036 2666 1095 2723 fuit
1116 2668 1198 2740 Heli,
1220 2671 1272 2744 qui
1292 2671 1349 2726 fuit

149 2767 276 2840 hiemat,
293 2769 345 2843 qui
358 2767 416 2824 fuit
430 2767 512 2838 Levi,
529 2766 589 2834 Qui
602 2766 661 2822 fuit
676 2765 795 2835 Melchi,
810 2765 862 2841 qui
882 2764 942 2821 fuit
965 2765 986 2821 J
988 2784 1073 2836 crine,
1088 2767 1140 2840 'qui
1155 2768 1213 2822 suit
1226 2768 1248 2823 J
1249 2769 1346 2843 oseph,

149 2864 208 2933 Qui
222 2864 281 2921 suit
295 2863 481 2934 Mathathiae,
497 2864 548 2940 qui
562 2862 621 2919 suit
634 2862 735 2934 Amos,
750 2863 802 2938 qui
816 2862 874 2918 suit
889 2861 1022 2932 Nahum,
1040 2861 1099 2929 Qui
1113 2861 1171 2918 fuit
1185 2861 1281 2935 Hcsli,
1297 2866 1347 2938 qui

147 2963 206 3020 fuit
227 2962 340 3040 Nugge,
355 2963 407 3039 qui
429 2961 488 3019 fuit
509 2962 638 3034 Martae,
654 2961 714 3031 Qui
735 2960 795 3018 fuit
817 2959 1002 3029 Mathothiae,
1025 2959 1077 3034 qui
1097 2960 1155 3016 fuit
1176 2961 1280 3033 Semoi,
1296 2963 1348 3037 qui

147 3059 206 3116 fuit
226 3059 346 3135 Joseph,
364 3059 423 3129 Qui
445 3059 504 3115 fuit
524 3058 613 3130 Juda,
630 3059 681 3135 qui
702 3057 762 3115 fuit
783 3056 932 3129 Johanna,
955 3056 1008 3131 qui
1027 3055 1085 3112 suit
1106 3055 1192 3128 Rosa,
1209 3058 1269 3126 Qui
1290 3059 1348 3113 suit

149 3157 319 3231 zorobabel,
342 3158 394 3234 qni
414 3158 473 3215 fuit
494 3157 645 3229 salathiel,
666 3159 718 3235 qui
738 3156 798 3213 fuit
818 3157 902 3228 Neri,
926 3155 986 3225 Qui
1005 3152 1064 3212 fuit
1083 3154 1203 3227 Melchi,
1220 3158 1270 3232 qui
1290 3158 1348 3213 suit

148 3255 238 3328 Addi,
254 3255 307 3332 qui
320 3255 379 3313 suit
393 3255 520 3328 Thosan,
535 3255 595 3324 Qui
611 3255 671 3313 suit
690 3255 878 3325 Helmadam,
894 3255 945 3331 qui
960 3253 1019 3311 fuit
1036 3253 1109 3326 Her,
1125 3254 1176 3330 qui
1190 3254 1248 3310 fuit
1263 3254 1284 3313 J
1287 3275 1347 3324 esu,

150 3354 210 3425 Qui
230 3354 290 3412 fuit
309 3354 456 3427 Heliezer,
471 3355 523 3431 qui
542 3353 601 3411 fuit
620 3354 642 3413 J
644 3354 728 3426 orim,
744 3354 796 3430 qui
815 3353 874 3411 fuit
895 3353 1024 3426 Mathat,
1042 3355 1102 3424 Qui
1121 3354 1180 3411 fuit
1198 3353 1280 3425 Levi,
1298 3358 1348 3429 qui

149 3452 208 3510 fuit
229 3453 365 3529 Symeon,
388 3452 440 3530 qui
461 3453 520 3510 fuit
542 3452 633 3524 Juda,
657 3453 717 3523 Qui
737 3453 796 3510 fuit
819 3452 940 3529 soaph,
963 3454 1015 3529 qui
1037 3455 1095 3512 suit
1114 3453 1136 3511 J
1138 3473 1202 3524 ona,
1221 3454 1273 3529 qui
1293 3453 1350 3510 suit

151 3551 306 3624 Eliaehim‚
322 3553 382 3623 Qui
395 3552 454 3611 fuit
468 3552 595 3623 Melcha,
610 3552 662 3629 qui
682 3551 742 3610 fuit
755 3552 876 3623 Manna,
892 3553 944 3629 qui
961 3553 1021 3610 fuit
1035 3553 1204 3625 Mathatha,
1219 3553 1279 3622 Qui
1293 3552 1350 3609 fuit

151 3649 283 3721 Nathan,
297 3650 349 3727 qui
371 3650 430 3708 suit
453 3649 563 3722 David,
577 3649 630 3725 qui
650 3649 708 3706 fuit
728 3649 750 3707 J
752 3668 821 3719 csse,
839 3648 900 3718 Qui
920 3649 979 3706 fuit
1000 3649 1109 3722 Obeth,
1125 3650 1177 3725 qui
1191 3649 1250 3706 fuit
1264 3650 1350 3718 Booz,

149 3747 202 3824 qui
221 3747 281 3805 fuit
301 3746 430 3820 Salmon,
448 3747 508 3817 Qui
527 3746 587 3805 suit
608 3747 738 3818 Naasou,
753 3747 806 3823 qui
826 3747 884 3804 fuit
904 3746 1084 3817 Aminedab,
1101 3748 1152 3822 qui
1173 3748 1232 3804 fuit
1246 3749 1349 3835 Aram

151 3843 209 3912 Qui
223 3843 282 3901 suit
296 3844 410 3918 Esrom,
425 3843 478 3920 qui
490 3843 549 3901 fuit
563 3842 683 3915 Pheres,
698 3844 751 3919 qui
771 3843 830 3900 fuit
849 3843 871 3901 J
873 3844 948 3915 udae,
962 3843 1023 3913 Qui
1035 3842 1095 3899 fuit
1108 3841 1210 3913 laceb,
1227 3843 1280 3916 qui
1293 3844 1353 3903 fuit

152 3939 243 4010 Isaac,
258 3941 311 4017 qui
323 3939 383 3998 fuit
395 3939 533 4010 Abrahae,
549 3939 609 4009 Qui
622 3939 681 3997 fuit
694 3940 798 4011 There,
811 3939 863 4015 qui
876 3939 936 3997 fuit
949 3939 980 3996 N
982 3939 1078 4009 achor,
1089 3937 1142 4013 qui
1155 3935 1215 3991 fuit
1229 3936 1350 4008 Saruch,

152 4037 213 4107 Qui
225 4038 286 4095 fuit
299 4037 412 4114 Ragau,
426 4037 479 4114 qui
492 4037 552 4095 fuit
564 4036 703 4109 Phalech,
718 4037 770 4113 qui
783 4036 843 4094 fuit
861 4036 973 4107 Heber,
989 4035 1050 4106 Qui
1063 4033 1123 4092 fuit
1137 4032 1212 4104 Sele,
1228 4032 1280 4108 qui
1292 4034 1351 4091 luit

152 4132 276 4206 Oainen,
289 4134 342 4210 qui
355 4133 415 4192 fuit
427 4133 595 4211 Arphaxat,
611 4133 671 4203 Qui
684 4134 745 4191 fuit
758 4133 834 4206 Sem,
847 4132 900 4210 qui
913 4132 972 4190 suit
986 4133 1062 4205 Noc,
1074 4131 1128 4209 qui
1140 4131 1200 4188 fuit
1213 4131 1351 4202 Lamech,

152 4229 213 4298 Qui
225 4229 284 4288 fuit
298 4229 477 4305 Mathussle,
493 4231 546 4307 qui
558 4230 618 4289 fuit
631 4230 744 4303 Enoch,
760 4231 813 4306 qui
832 4229 892 4287 suit
911 4229 1028 4303 Jereth,
1044 4230 1104 4300 Qui
1125 4229 1184 4287 fuit
1204 4229 1352 4301 Malclecl,

152 4326 204 4403 qui
223 4325 283 4385 fuit
302 4327 426 4399 omnen,
439 4329 493 4406 qui
511 4328 572 4386 fuit
591 4328 681 4400 Enoc,
697 4327 758 4398 Qui
775 4327 834 4386 fuit
854 4326 936 4395 Seth,
950 4328 1004 4404 qui
1024 4329 1083 4387 fuit
1100 4328 1210 4401 Adam,
1226 4330 1279 4405 qui
1293 4328 1352 4385 suit

148 4420 215 4482 Dei.
255 4421 345 4482 Jesus
357 4429 460 4483 autem
471 4423 578 4501 plenus
592 4423 708 4500 Spiritu
723 4423 832 4482 Sancto
845 4440 994 4501 regressus
1008 4433 1055 4486 est
1068 4445 1087 4484 a
1100 4426 1121 4485 J
1124 4426 1242 4485 ordene.
