3022 4966
216 338 279 401 148
509 334 750 404 Doartiaicas'a
765 337 889 405 Remis
902 340 1119 408 Palmurum.

279 646 309 705 U
515 564 677 624 Dourrrca
697 565 829 636 usiam
850 568 1112 638 Quauuaonsrua

307 656 318 704 t
331 665 431 723 aspra.

273 741 383 802 Oratio.

271 837 412 907 Concede,
441 856 618 913 quaesumus,
647 839 835 918 omnipotens
862 842 953 916 Deus,
977 851 1013 900 ut
1036 845 1089 920 qui
1112 864 1152 902 ex
1174 846 1281 903 merito
1306 854 1413 906 nostra

209 932 333 1087 Eetionis
346 933 513 1010 affligimur,
529 942 590 994 tuae
609 937 712 1015 gratie
733 939 931 998 consolatione
951 941 1137 1017 respiremus.
1181 943 1240 1002 Per
1261 945 1412 1003 Christum

241 1048 381 1087 ominum.

611 1188 773 1248 Dcnnuca
794 1206 827 1248 rr
848 1190 1009 1250 Passrorr.

275 1265 313 1324 Ut
326 1286 426 1343 saapra.

268 1361 379 1421 Oratio.

268 1459 451 1532 Quaesumus,
467 1460 654 1538 omnipotens
668 1460 759 1534 Deus,
775 1461 920 1520 familiam
936 1469 1021 1522 tuam
1034 1465 1181 1544 propitius
1194 1469 1314 1544 respice,
1329 1476 1364 1527 ut
1378 1478 1409 1528 ts

205 1555 349 1634 largiente
369 1561 490 1632 regatur
503 1556 534 1613 in
548 1575 677 1633 corpore,
692 1563 723 1616 et
736 1563 767 1616 tc
780 1567 916 1619 servante
938 1562 1121 1620 custodiatur
1144 1563 1175 1620 in
1197 1570 1304 1622 mente.
1348 1566 1407 1622 Per

207 1651 361 1710 Christum
376 1652 550 1710 Dominum.

534 1811 696 1870 Doumoa
717 1828 750 1869 ns
771 1812 876 1870 Rama
897 1812 1082 1873 Parnasum

263 1961 335 2021 Post
345 1961 539 2038 aspernemur
548 1979 634 2036 aquas
644 1959 803 2033 benedictae,
814 1959 887 2018 dum
897 1960 1239 2038 distribuunturpolmoe,
1252 1973 1407 2023 cantentur

201 2067 348 2136 aequum
361 2056 558 2134 Antipatrum:

263 2154 442 2233 Anttpltona.

263 2254 354 2313 Pueri
378 2253 577 2312 Hebroeorum
599 2251 739 2310 tollentes
766 2270 863 2310 ramos
886 2251 1033 2311 olivarum
1058 2252 1256 2311 obviaverunt
1275 2255 1405 2315 Domino

200 2351 363 2412 clamantes
376 2356 408 2409 et
421 2350 570 2421 dicentes;
592 2349 712 2408 Osanna
725 2349 757 2406 in
772 2349 901 2408 excelsis.
1399 2349 1401 2352 ⁴

263 2448 443 2525 Antiphane.

262 2545 354 2619 Bueri
381 2544 578 2602 Hebraeorum
602 2543 781 2601 vestimenta
804 2543 1032 2619 prosternebant
1058 2543 1091 2600 in
1112 2544 1163 2602 ria
1184 2551 1215 2602 et
1236 2545 1404 2605 clamabant

199 2642 348 2712 dicentes,
388 2640 509 2698 Osanna
543 2639 605 2697 filio
640 2638 758 2696 David:
797 2639 976 2696 Benedictus
1010 2640 1063 2715 qui
1096 2640 1180 2698 venit
1217 2640 1250 2698 in
1283 2644 1402 2701 nomine

200 2736 331 2794 Domini.

259 2830 437 2904 Antiphone.

259 2927 380 2984 Osanna
400 2925 461 2981 filio
483 2925 600 2983 David:
622 2923 802 2981 Benedictus
823 2925 875 3000 qui
896 2925 980 2982 venit
1002 2926 1033 2983 in
1056 2929 1175 2986 nominc
1196 2930 1327 3004 Domini,
1348 2952 1400 2990 rex

197 3023 309 3086 Israel:
331 3022 451 3079 Osanna
465 3022 497 3079 iu
511 3021 642 3079 excelsis.

202 3121 232 3183 V.
259 3118 482 3198 (aaewdotalia).
505 3119 553 3176 Ex
567 3138 617 3176 cre
631 3117 792 3175 infantium
806 3124 838 3177 et
848 3118 1022 3178 lactentium
1036 3122 1184 3198 perfecisti
1198 3123 1322 3182 laudem.

258 3217 368 3277 Oratio.

257 3317 453 3394 Omnipotens
475 3315 652 3393 sempiterne
675 3315 767 3386 Deua,
782 3315 834 3392 qui
849 3316 1011 3374 Dominum
1031 3325 1163 3376 nostrum
1181 3320 1203 3378 J
1205 3340 1286 3377 esum
1301 3321 1398 3379 Chris-

195 3423 261 3476 tum
275 3415 322 3472 dic
336 3432 506 3491 azymorum
519 3432 605 3489 super
619 3411 734 3489 pullum
748 3412 838 3470 asinae
855 3412 954 3470 sedere
967 3413 1089 3472 voluisti
1104 3435 1136 3472 ac
1151 3435 1257 3492 pueros
1271 3416 1393 3474 Hebru-

194 3533 280 3573 orum
302 3512 478 3570 vestimenta
499 3510 547 3567 vel
571 3528 667 3567 ramos
690 3509 836 3567 olivarum
861 3511 892 3566 in
917 3510 997 3567 viam
1019 3517 1150 3570 sternere
1174 3519 1205 3570 ct
1229 3514 1261 3569 in
1279 3513 1396 3570 laudem

192 3611 285 3689 ipsius
306 3610 426 3667 Osanna
446 3608 508 3666 filio
529 3607 628 3664 David
648 3608 805 3664 decantare
825 3607 951 3666 docuisti
961 3627 971 3681 3
992 3608 1038 3679 da,
1060 3629 1237 3685 quaesumus,
1258 3618 1293 3667 ut
1314 3612 1396 3666 inno-

192 3708 322 3765 centium
337 3713 368 3762 et
382 3705 499 3762 laudem
513 3704 544 3760 in
558 3703 670 3779 templo
691 3703 883 3761 clamantium
897 3711 1043 3762 eteorum
1064 3707 1171 3763 merita
1184 3707 1216 3762 in
1230 3708 1395 3764 caelestibus

191 3803 331 3879 consequi
344 3820 516 3859 mereamur.
560 3799 620 3858 Per
634 3799 788 3857 Christum
802 3799 973 3858 Dominum.

250 3899 364 3957 Deinde
372 3897 511 3973 procedat
525 3896 671 3954 Proceeaio
686 3897 833 3954 maleredo
846 3896 922 3955 tana
934 3895 1135 3970 Anthedonem
1144 3920 1154 3955 .·

250 3996 333 4052 Ante
353 4014 405 4051 sex
425 3993 487 4050 dies
507 3991 715 4050 sollemnitatis
736 3990 865 4063 Paschae,
881 3990 999 4068 quando
1013 3991 1097 4047 venit
1113 3991 1260 4047 Dominus
1275 3993 1305 4047 in
1321 3995 1392 4049 ciri-

188 4095 280 4147 tatem
295 4087 494 4158 Hierusalem,
509 4092 702 4143 occurrerunt
715 4087 743 4142 ei
757 4086 850 4161 pueri,
866 4092 896 4142 et
910 4087 942 4142 in
958 4084 1095 4141 manibus
1115 4086 1273 4161 portabant
1296 4108 1391 4146 ramos

187 4185 361 4263 palmarum,
390 4189 421 4240 et
444 4182 612 4240 clamabant
636 4199 706 4238 voce
735 4199 841 4257 magna
864 4180 1013 4239 dicentes:
1046 4180 1165 4238 Osanna
1192 4182 1225 4239 in
1248 4185 1390 4245 excelsis:

187 4264 374 4349 Benedictus,
411 4278 463 4353 qui
497 4277 608 4335 venisti
642 4276 674 4333 in
708 4274 902 4332 multitudine
935 4274 1160 4336 misericordiae:
1203 4279 1323 4338 Osanna
1357 4283 1389 4338 iu

186 4376 319 4440 excelsis.
