3022 4966
455 335 930 404 recommemorata.
1236 341 1299 404 191

155 521 288 581 Tertium
300 521 537 598 Responeorr'um.

154 619 229 690 Quis
239 620 321 678 Deus
332 639 457 698 magnus
467 619 544 676 sicut
554 618 637 676 Deus
647 617 765 676 nosterl
794 617 839 676 Tu
850 637 881 677 es
892 619 983 693 Deus,
995 617 1048 696 qui
1058 618 1131 677 sucis
1144 616 1300 683 mirabilis.

98 715 128 776 V.
151 715 264 775 Notum
285 716 382 774 fecisti
397 716 433 774 in
454 714 571 792 populis
588 713 733 772 virtutem
755 719 861 789 tusm3
881 715 1033 774 redemisti
1050 716 1083 773 in
1107 714 1227 775 brachio
1248 721 1302 775 tuo

92 811 237 888 populum
251 818 346 870 tuum.
389 811 436 869 Tu
452 830 492 870 es.
692 840 695 845 ·

154 905 259 965 Gloria
272 907 357 964 Petri
369 912 401 964 et
415 905 492 964 Filio
505 911 537 963 et
550 904 684 985 Spirituo
698 905 815 966 Sancto.
856 905 903 966 Tu
917 926 956 966 es.

157 1004 305 1074 Quartum
317 1002 551 1080 Responsoricore

155 1098 285 1175 Magnus
306 1100 461 1183 Dominus,
475 1107 507 1161 et
526 1121 634 1180 megns
653 1101 750 1161 virtus
770 1102 843 1179 ejus,
859 1101 901 1160 Et
913 1100 1067 1180 sepientis
1087 1103 1152 1180 ejus
1170 1122 1233 1162 non
1253 1110 1299 1165 est
1340 1097 1344 1103 ⁵

94 1214 245 1255 numerus.

100 1291 131 1352 V.
154 1293 284 1371 Magnus
301 1280 449 1355 Dominus
466 1303 498 1356 et
514 1295 672 1356 nudabitis
685 1297 771 1357 vslde
780 1317 790 1371 ;
811 1302 842 1356 et
855 1296 1071 1376 magnitudinis
1091 1299 1156 1376 ejus
1174 1318 1236 1357 non
1254 1306 1300 1359 est

93 1390 170 1454 finis.
213 1392 256 1452 Et
268 1395 427 1472 sapientise.

103 1545 106 1552 .
153 1489 257 1549 Gloria
270 1491 356 1551 Patri
369 1499 400 1552 et
414 1494 492 1553 Filio
505 1500 537 1553 et
550 1492 677 1571 Spiritui
691 1493 808 1556 Sancto.
851 1495 894 1553 Et
906 1492 1068 1572 sepientiae.

154 1587 299 1659 Quintum
311 1589 546 1667 Responsorium.
982 1669 984 1672 Α

151 1686 255 1747 Gloria
282 1689 368 1748 Petri
393 1692 560 1769 genitaeque
589 1691 668 1769 proli
695 1699 726 1749 et
753 1690 819 1764 tibi,
851 1710 971 1768 comper
997 1691 1154 1768 utriusque
1181 1711 1298 1770 semper

90 1781 220 1859 Spiritus
233 1785 319 1860 elme,
334 1786 417 1844 Deus
430 1807 508 1844 unus
521 1786 604 1845 omni
617 1794 750 1864 tempore
763 1785 850 1845 eoecli.

97 1877 128 1938 V.
150 1881 199 1939 Da
221 1883 397 1959 gaudiorum
417 1883 547 1959 praemis,
563 1883 602 1940 dn
624 1884 788 1960 gratiarum
805 1901 938 1954 munera,
953 1882 1079 1943 dissolve
1093 1883 1156 1942 litis
1170 1884 1299 1958 vincula,

91 1979 223 2057 astringe
236 1980 315 2056 pacis
329 1978 445 2038 fodere.
489 1979 587 2037 Omni

154 2073 257 2132 Gloria
271 2075 357 2132 Petri
369 2080 400 2132 et
413 2075 491 2133 Filio
505 2081 537 2133 et
551 2074 678 2151 Spiritui
691 2075 809 2134 Sancto.
852 2074 951 2133 Omni.

153 2169 274 2228 Saron
285 2170 520 2246 resposorium.
565 2249 567 2252 Ι

154 2265 269 2337 Honor,
297 2266 395 2323 virtus
422 2272 453 2324 et
473 2271 604 2344 potestas
631 2272 663 2325 et
689 2266 847 2343 imperium
875 2266 916 2324 sit
938 2267 1081 2326 Trinituti
1107 2267 1140 2325 in
1160 2268 1297 2342 Unitste,

94 2362 219 2423 Unituti
231 2363 264 2421 in
277 2363 434 2436 Trinitate,
449 2363 489 2420 In
504 2362 628 2441 perenni
640 2363 815 2422 seculorum
827 2368 968 2440 tempore.

100 2459 300 2522 eunitae
313 2461 368 2519 iux
382 2461 520 2538 perennis
533 2445 645 2519 unser
659 2461 699 2519 et
712 2461 800 2520 cecus
814 2461 967 2539 perpetim.
1009 2461 1050 2520 In
1063 2463 1194 2540 perenn

154 2558 257 2618 Gloris
271 2557 356 2617 Petri
369 2564 400 2616 et
413 2558 492 2616 Filio
505 2563 536 2618 et
550 2557 677 2634 Spiritui
691 2557 808 2616 Sencto.
853 2558 893 2615 In
906 2558 1038 2636 perenni.

153 2656 317 2734 Septimum
332 2657 568 2740 Rcrporreorium.

153 2755 283 2814 Summe
305 2754 457 2827 Trinitati,
476 2753 603 2830 simplici
624 2754 698 2825 Deo,
722 2773 783 2812 une
806 2753 968 2828 Divinitas,
988 2753 1111 2832 aequulis
1132 2754 1234 2833 glorie,
1256 2774 1300 2815 oo·

91 2858 205 2912 aeterns
227 2855 365 2930 majestas
386 2850 472 2910 Petri
498 2850 633 2929 prolique
653 2856 813 2928 sanctoque
833 2850 972 2926 Flamini,
995 2851 1056 2923 Qui
1082 2858 1181 2912 totum
1198 2853 1300 2913 subdit

92 2952 155 3011 suis
168 2953 269 3011 orbem
282 2950 403 3028 legibus

98 3049 128 3109 V.
151 3049 278 3108 Prsestet
304 3048 391 3106 nobis
420 3047 548 3125 gretiam
580 3046 685 3106 Deitas
711 3046 800 3106 besto
831 3047 932 3106 Petris
958 3066 993 3105 ac
1024 3047 1113 3106 Nati·
1131 3048 1300 3126 pariterque

92 3145 223 3223 Spiritus
235 3146 314 3206 elmi
358 3145 420 3215 Qui
433 3151 539 3204 totum.

153 3244 258 3303 Gloria
270 3245 356 3302 Patri
369 3248 401 3302 et
414 3243 491 3303 Filio
505 3250 536 3302 et
550 3243 678 3320 Spiritui
691 3243 808 3302 Sancto.
852 3243 913 3313 Qui
926 3248 1033 3302 totum.

156 3341 297 3400 Octocmn
310 3341 545 3418 Responeorium.

154 3439 222 3498 Tibi
243 3440 318 3513 laus,
331 3439 391 3497 tibi
409 3439 512 3518 glorie,
526 3439 584 3498 tibi
602 3438 767 3517 gratiarum
786 3437 864 3497 ectio
882 3439 922 3496 In
934 3436 1041 3497 seecule
1060 3437 1247 3515 sempiterna,
1271 3435 1298 3496 0

94 3537 183 3596 boote
196 3535 335 3598 Trinitas.

99 3632 130 3693 V.
153 3634 195 3692 Et
217 3634 536 3692 benedictumnomen
558 3631 658 3710 gloriae
681 3636 742 3689 tuse
765 3635 902 3688 sunctum
927 3635 958 3687 et
977 3629 1125 3689 laudabile
1145 3636 1177 3688 et
1200 3649 1300 3708 super·

92 3731 267 3791 exaltatum.
311 3731 350 3790 In
364 3715 477 3789 saecnle.

153 3827 257 3886 Gloria
266 3826 353 3884 Petri
366 3833 397 3884 et
410 3826 488 3884 Filio
503 3832 534 3884 et
547 3825 673 3904 Spiritui
683 3824 800 3885 Sancto.
843 3824 884 3883 In
897 3822 1012 3882 sseoulo.

153 3924 277 3983 Nonum
292 3923 526 4002 Resporesoriurre

152 4020 366 4081 Benediesmus
386 4022 508 4080 Patrem
528 4025 559 4079 et
579 4018 692 4078 Filium
710 4038 780 4077 cum
799 4018 908 4079 Sancto
928 4017 1066 4094 Spiritu3
1094 4016 1247 4075 laudemus
1267 4025 1299 4077 et

90 4121 343 4198 superexaltemus
356 4141 432 4192 eum,
448 4120 489 4176 In
501 4118 614 4178 saeculs

98 4216 128 4277 V.
151 4217 331 4277 Benedictus
343 4237 382 4290 es,
398 4216 534 4290 Domine,
549 4216 583 4274 in
596 4215 783 4273 firmamento
798 4213 862 4273 caeli
875 4219 907 4272 et
919 4212 1077 4271 laudabilis
1094 4218 1125 4271 et
1145 4211 1298 4289 gloriosus.

93 4314 133 4374 1¹¹
147 4314 260 4471 flgffl:
270 4410 356 4470 Patri
369 4419 400 4471 et
412 4410 492 4471 Filio
505 4417 537 4470 et
550 4407 678 4487 Spiritui
691 4407 810 4468 Sancto.
854 4408 893 4467 In
906 4406 1021 4468 soeculs
