3022 4966
520 321 771 390 Beoadiuiooa
794 323 975 391 (leomaloe.

433 560 627 620 Baamierro
647 560 744 619 Paris
766 577 877 620 uranus
898 561 1076 621 Doiurucm.

212 696 394 759 Benedicita

212 796 362 856 Dominus
373 792 536 854 vobiscum.

211 986 399 1067 Beneffldiq
411 987 549 1059 Domine,
560 994 726 1047 creatmam
740 989 827 1046 istam
837 990 930 1065 panis,
942 989 1020 1047 sicut
1029 990 1208 1047 benedixisti
1221 991 1352 1067 quinque

151 1104 241 1165 panas
253 1086 288 1143 in
300 1086 425 1158 deserto,
438 1090 475 1143 ut
491 1104 593 1143 omncs
612 1091 765 1163 gustantes
785 1106 822 1145 ex
844 1107 878 1145 oo
899 1093 961 1144 tam
981 1087 1112 1163 corporis
1133 1105 1223 1162 quam
1244 1086 1350 1144 animas

151 1182 297 1259 recipiant
309 1182 475 1242 aninum.

211 1280 253 1339 In
265 1279 386 1338 nomine
399 1279 499 1339 Patris
512 1288 544 1339 et
558 1280 630 1338 Filii
642 1287 673 1339 et
687 1281 818 1357 Spiritus
831 1282 941 1340 Sancti.
984 1283 1091 1341 Amen.

212 1376 254 1435 lte
262 1385 439 1453 arperyauu
450 1398 531 1453 aqua
544 1376 719 1437 benedicta!

492 1590 685 1649 Bmanrcuio
705 1589 800 1647 Paua
821 1606 858 1647 aa
879 1590 1006 1648 Baetim.

211 1734 376 1794 Dominam
390 1736 551 1795 vobiscum.
593 1737 728 1795 Oremua.

210 1830 301 1905 Dens,
317 1832 504 1909 omnipotens
523 1832 623 1905 Pater,
637 1833 691 1910 qui
703 1835 848 1892 mundum
865 1854 903 1892 ex
919 1834 1041 1892 informi
1063 1837 1188 1894 materia
1209 1836 1306 1894 fecisti
1319 1844 1350 1895 et

151 1928 271 1987 unicum
287 1928 401 1986 Filium
413 1928 471 1986 tibi
483 1934 663 1987 coaeternum
676 1949 730 2006 pro
745 1931 859 2007 generis
872 1930 996 1988 humani
1008 1932 1216 2009 redemptione,
1233 1933 1349 2009 Spiritu

153 2024 262 2085 Sancto
274 2032 459 2103 cooperante,
472 2025 623 2085 incarnari
631 2027 766 2103 jussisti3
785 2047 962 2105 quaesumua,
974 2034 1009 2085 ut
1022 2028 1098 2086 hane
1112 2049 1212 2105 peram
1226 2035 1257 2087 et
1269 2030 1350 2089 hunc

153 2120 291 2182 baculum
311 2121 533 2202 beneffldieere
556 2124 695 2200 digneris,
718 2130 809 2200 atque
832 2144 886 2201 per
904 2124 1048 2182 virtutem
1069 2126 1210 2200 potentiae
1231 2132 1290 2183 tusc
1311 2127 1350 2184 ab

153 2214 287 2277 lacubus
307 2223 412 2277 contra
432 2236 486 2277 noa
506 2218 717 2277 dimicantibus
737 2220 852 2278 invicta
864 2225 1066 2296 permaneant,
1081 2225 1116 2276 ut
1130 2221 1298 2297 quicunque
1312 2241 1350 2280 ex

153 2314 193 2373 eis
204 2315 407 2393 pugnaverint
419 2315 654 2373 incolumitatem
675 2322 738 2373 tam
758 2317 888 2394 corporis
902 2335 990 2392 quam
1005 2316 1121 2388 ammoe,
1136 2322 1167 2374 te
1180 2315 1350 2393 adjuvante,

153 2410 323 2489 percipiant
366 2410 427 2469 Per
439 2411 593 2469 Christum
606 2412 778 2473 Dominum.

210 2506 346 2565 Oramus.
390 2505 501 2566 Oratio.

209 2602 340 2663 Domine
354 2603 437 2661 Deus
450 2602 644 2679 omnipotens,
660 2604 785 2662 humani
799 2604 915 2681 generis
934 2610 1049 2662 creawr
1068 2610 1158 2681 atque
1171 2605 1348 2681 redemptor,

151 2700 201 2777 qui
223 2718 279 2777 pro
305 2700 402 2759 salute
429 2700 585 2759 hominum
607 2701 644 2759 de
671 2702 749 2760 erulis
776 2702 814 2760 ad
837 2710 932 2761 terias
959 2704 1136 2762 descendens
1162 2709 1193 2761 et
1219 2704 1348 2780 idipsam

151 2796 313 2855 humanum
339 2817 432 2875 genus
465 2799 630 2856 informans
663 2804 722 2857 tnae
756 2800 920 2875 spiritualis
953 2801 1096 2860 alimento
1129 2801 1270 2860 doctrinae
1296 2822 1350 2879 per

151 2898 296 2971 meopte
315 2898 377 2951 tuse
399 2893 472 2970 legis
493 2893 532 2951 ad
553 2894 659 2951 eaelum
680 2895 851 2967 sublevasti,
866 2896 1004 2955 obediens
1018 2897 1081 2975 ipse
1094 2898 1190 2956 sactus
1203 2898 1349 2975 usquead

152 2996 277 3049 mortem
289 2988 394 3064 Patri3
415 2995 446 3048 te
458 2989 604 3067 supplices
624 3011 790 3065 exoramus,
804 2999 840 3049 ut
853 2992 930 3051 hanc
949 3013 1051 3070 peram
1071 3000 1102 3052 ct
1119 2995 1198 3053 hune
1212 2995 1349 3053 baculum

151 3085 369 3169 beneffldiaere
394 3108 449 3165 pro
476 3095 530 3146 tua
555 3089 666 3166 pietate
700 3090 839 3168 digneris,
868 3090 946 3149 sieut
973 3092 1152 3149 benedixisti
1179 3092 1349 3151 duodenum

151 3184 356 3263 Apostolieum
379 3185 597 3259 indumentum,
623 3188 731 3264 quibus
757 3189 818 3245 tuis
845 3189 961 3248 dilectis
987 3190 1142 3267 Apostolis
1164 3190 1290 3265 jussisti,
1313 3196 1350 3247 ut

151 3281 294 3339 mandam
316 3285 539 3339 contemnentes
562 3301 722 3359 supernum
750 3283 871 3341 Patrem
898 3304 1005 3361 panem
1031 3291 1168 3361 peterent
1191 3286 1228 3341 ad
1253 3284 1348 3360 quoti-

150 3376 271 3437 dimam
283 3376 399 3436 victam
412 3378 570 3455 debitaque
590 3380 785 3455 dimitterent,
799 3382 940 3457 quatinus
952 3400 1006 3457 per
1018 3381 1095 3438 hanc
1108 3380 1255 3437 visibilem
1269 3398 1349 3455 pere-

149 3474 324 3553 grinationis
341 3494 443 3553 peram
460 3482 490 3533 et
507 3476 654 3548 baculum,
669 3478 838 3554 quicunque
859 3479 1009 3554 accepturi
1027 3482 1099 3535 sunt
1116 3494 1165 3531 eos
1183 3474 1349 3531 induantur

149 3578 238 3651 atque
250 3572 458 3631 confortentur
476 3578 537 3630 tuae
557 3572 720 3631 clementioe
743 3575 892 3647 alimonia,
918 3581 949 3631 et
971 3574 1004 3629 in
1024 3571 1195 3647 frugalitate
1215 3588 1348 3646 perman-

150 3652 231 3729 entes
251 3675 423 3729 mereantur
440 3670 596 3746 pervenire
615 3671 653 3728 ad
674 3658 785 3730 aterna
808 3672 886 3729 dona
905 3670 1016 3729 civium
1039 3684 1241 3744 supernorum.
1288 3666 1348 3726 Per

151 3764 312 3827 &minum
325 3771 469 3826 noatmm

206 3862 294 3922 Pane
315 3871 490 3939 aspergatur
512 3883 594 3940 aqua
616 3863 770 3923 benedicta.
826 3864 940 3923 Deinde
963 3861 1062 3922 tradat
1084 3860 1225 3921 Sacerdos
1242 3878 1347 3938 peram

145 3959 298 4037 parops-im
310 3959 409 4019 dicem
417 3982 428 4019 .·

205 4054 319 4133 Accipe
338 4055 415 4114 hanc
435 4075 537 4133 peram
560 4055 678 4133 signum
701 4056 953 4134 peregrinationis
995 4057 1035 4116 In
1055 4057 1175 4118 nomine
1196 4057 1296 4117 Patris
1316 4062 1348 4119 et

149 4148 265 4211 Filiiet
279 4151 410 4230 Spiritus
424 4152 534 4212 Sancti.
577 4154 686 4212 Amen.

205 4308 220 4337 ⁸
235 4308 291 4357 aba
310 4312 454 4371 Cambridge
474 4313 527 4361 Ma.
545 4328 605 4375 goes
620 4329 653 4363 on
668 4315 731 4361 from
747 4315 797 4362 this
815 4320 840 4364 to
858 4316 899 4363 tho
919 4315 1090 4362 “Summa
1110 4325 1221 4363 alsonis
1241 4317 1348 4363 Exco!-

147 4384 358 4429 intumum?
