3022 4966
539 285 713 374 Exsequias
734 286 961 351 Mortuerum.

208 469 349 529 psalmus
361 469 498 546 (mix.)

210 575 380 653 Expectans
393 574 549 652 expectavi
563 573 737 647 Dominum,
753 580 784 632 ct
797 573 928 632 intendit
941 573 1024 630 mihi

211 680 253 738 Et
267 680 422 739 exaudivit
435 697 536 757 preces
549 697 647 738 meas:
667 683 700 738 et
712 677 819 738 eduxit
834 697 882 738 me
901 677 938 736 de
958 677 1025 735 lacu
1045 677 1179 751 miseria,
1194 684 1226 738 et
1239 677 1275 737 de
1289 678 1353 736 luto

149 778 239 838 iacis.

210 876 253 933 Et
267 875 375 933 statuit
389 894 477 951 super
490 879 606 951 petram
619 872 708 949 pedes
721 893 817 932 meos:
839 880 870 931 et
883 872 994 931 direxit
1005 893 1121 951 gressus
1135 893 1221 932 meos.

212 980 255 1037 Et
268 979 393 1036 immisit
407 979 440 1036 in
453 998 486 1037 os
500 997 599 1036 meum
612 977 760 1038 canticnm
774 997 894 1053 novum,
909 997 1028 1037 carmen
1042 979 1108 1036 Deo
1119 985 1230 1037 nostro.

212 1084 370 1142 Videbunt
384 1083 481 1156 multi,
496 1068 709 1144 ettimebunt:
730 1091 761 1142 et
774 1083 936 1161 sperabunt
948 1083 981 1142 in
995 1083 1133 1144 Domino.

212 1189 326 1247 Beatus
343 1189 399 1262 vir,
414 1190 498 1265 cujus
520 1196 565 1247 est
586 1208 695 1247 nomen
712 1189 836 1248 Domini
857 1208 923 1266 spes
943 1189 1025 1265 ejus:
1052 1194 1084 1247 et
1101 1208 1160 1247 non
1175 1190 1307 1266 respexit
1321 1190 1353 1247 in

149 1285 309 1360 vanitates,
323 1291 354 1345 et
367 1287 496 1344 insanias
510 1287 605 1344 salsas

212 1391 312 1450 Multa
324 1391 421 1450 fecisti
434 1399 477 1473 tu,
489 1391 619 1450 Domine
633 1392 716 1450 Deus
729 1412 819 1465 meus,
831 1391 980 1450 mirabilia
988 1397 1059 1450 tua:
1081 1398 1111 1450 et
1126 1390 1354 1471 cogitationibus

150 1490 212 1548 tuis
226 1509 286 1548 non
299 1498 345 1548 est
358 1491 411 1567 qui
424 1490 530 1548 similis
544 1491 584 1548 sit
598 1490 664 1548 tibi.

211 1596 412 1669 Annuntiavi,
427 1602 458 1656 et
471 1596 586 1655 locutus
599 1615 683 1656 eum:
704 1595 897 1673 multiplicati
910 1602 982 1655 sunt
995 1615 1085 1673 super
1098 1615 1263 1654 numerum.

212 1701 403 1775 Sacrificium,
420 1708 450 1760 ct
464 1701 643 1760 oblationem
656 1701 800 1759 noluisti:
819 1720 906 1759 aures
919 1706 1021 1759 autem
1033 1701 1183 1778 perfecisti
1196 1701 1277 1759 mihi.

211 1805 429 1865 Holocaustum
443 1811 474 1864 et
487 1824 541 1882 pro
553 1811 674 1882 peccato
687 1824 749 1864 non
762 1804 939 1882 postulasti:
961 1811 1034 1863 tunc
1048 1804 1123 1878 dixi,
1138 1805 1214 1864 Ecce
1227 1804 1321 1863 venio.

212 1912 252 1970 In
271 1914 367 1990 capite
388 1912 459 1970 libri
478 1912 623 1988 scriptum
639 1918 688 1969 est
708 1910 745 1970 de
767 1930 824 1982 me,
845 1915 881 1968 ut
900 1909 1027 1968 facerem
1047 1909 1233 1968 voluntatem
1253 1915 1353 1968 tuamt

154 2008 236 2064 Deus
248 2026 340 2080 meus,
356 2007 447 2080 volui,
463 2013 494 2063 et
506 2005 602 2082 legem
615 2011 700 2063 tuam
713 2007 746 2063 in
759 2005 857 2063 medio
871 2005 968 2063 cordis
980 2006 1048 2062 mei

215 2115 407 2172 Annuntiavi
424 2115 576 2190 justitiam
597 2120 683 2172 tuam
703 2115 737 2173 in
756 2113 889 2172 Ecclesia
902 2133 1026 2191 magna:
1048 2132 1114 2171 ecce
1126 2112 1205 2172 labia
1217 2132 1283 2173 mea
1295 2134 1356 2173 non

154 2209 334 2287 prohibebo:
356 2210 493 2282 Domine,
507 2216 542 2268 tu
556 2210 647 2269 scisti.

215 2315 375 2375 «Iustitiam
396 2322 480 2375 tuam
503 2335 565 2374 non
591 2315 732 2375 abscondi
754 2316 787 2375 in
809 2315 897 2375 corde
918 2333 1001 2374 meo:
1030 2313 1189 2373 raritatem
1210 2321 1302 2390 tuam,
1325 2323 1356 2376 et

151 2413 285 2474 salutare
297 2419 385 2471 tuum
399 2413 470 2474 dixi.

213 2519 287 2581 Non
313 2519 452 2578 abscondi
479 2517 711 2577 misericordiam
735 2524 826 2591 tuam,
850 2523 882 2577 et
905 2517 1062 2576 veritatem
1084 2524 1168 2576 tuam
1191 2538 1210 2576 a
1233 2519 1355 2578 concilio

151 2615 256 2674 multo.

212 2713 259 2771 Tu
272 2718 383 2785 autem,
399 2711 537 2785 Domine,
553 2731 591 2770 ne
604 2711 691 2789 longe
712 2711 802 2770 iacias
821 2711 1025 2770 miserationes
1043 2718 1112 2769 tuas
1125 2731 1144 2770 a
1157 2730 1222 2772 me:
1243 2711 1354 2772 miseri-

151 2809 252 2869 cordia
265 2817 320 2868 tua
333 2815 365 2867 et
378 2809 488 2866 veritas
502 2804 555 2866 tua
568 2827 685 2885 semper
696 2815 888 2886 nrscepcrunt
903 2828 958 2870 me.

213 2915 360 2986 Quoniam
379 2913 636 2972 circumdederunt
657 2933 705 2972 me
726 2912 812 2988 mala,
827 2933 954 2992 quorum
967 2933 1028 2973 non
1041 2920 1086 2973 ast
1098 2933 1259 2974 numerus:
1279 2935 1354 2974 corn⁴

152 3013 373 3091 prehenderunt
386 3031 434 3070 me
446 3012 621 3090 iniquitates
635 3031 716 3085 meae‚
732 3019 763 3070 et
775 3031 837 3071 non
850 3012 945 3090 potui,
959 3019 995 3070 ut
1007 3013 1147 3071 viderem.

214 3119 424 3197 Multiplicatae
437 3125 510 3178 sunt
522 3138 611 3197 super
623 3118 746 3196 capillos
759 3118 865 3195 capitis
878 3120 954 3177 mei:
975 3125 1006 3177 et
1019 3138 1069 3177 cor
1082 3138 1182 3177 meum
1195 3119 1354 3195 dereliquit

152 3235 207 3275 rne.

214 3312 403 3390 Oomplaceat
415 3312 481 3385 tibi,
498 3312 637 3386 Domine,
653 3318 689 3370 ut
701 3331 787 3371 eruas
800 3331 865 3370 me:
887 3312 1025 3386 Domine,
1039 3312 1077 3371 ad
1091 3312 1294 3389 adjuvandum
1308 3331 1355 3370 me

152 3410 273 3488 respice

216 3513 452 3588 Oonsundantur,
468 3520 499 3574 et
512 3520 705 3573 revercantur
717 3512 817 3585 simul,
832 3513 885 3590 qui
904 3520 1043 3589 quaerunt
1056 3513 1187 3572 animam
1201 3533 1305 3584 meam,
1320 3520 1355 3571 ut

151 3610 292 3670 auferant
304 3629 376 3670 eam.

215 3716 436 3775 Convertantur
448 3722 620 3788 retrorsum,
635 3722 666 3775 et
680 3721 880 3789 revereantur,
894 3716 947 3793 qui
960 3714 1067 3775 volunt
1080 3716 1154 3774 mihi
1167 3716 1252 3774 mala.

214 3821 325 3880 Ferant
339 3821 494 3880 confestim
508 3820 709 3879 confusionem
722 3840 815 3895 suam,
831 3820 883 3897 qui
896 3819 1002 3878 dicunt
1015 3819 1107 3878 mihi:
1128 3820 1221 3897 Euge,
1236 3837 1316 3897 euge.

214 3926 372 3999 Exultent,
383 3933 414 3985 et
423 3926 564 3984 laetentur
576 3946 665 4003 super
675 3933 707 3985 te
716 3944 818 3984 omnes
827 3931 994 4002 quarentes
1005 3931 1034 3982 te
1046 3944 1052 3982 :
1073 3930 1104 3982 et
1113 3924 1215 3984 dicant
1224 3942 1338 4001 semper
1349 3939 1355 3978 t

151 4024 365 4103 Magnificatur
378 4024 535 4097 Dominus,
550 4024 603 4101 qui
616 4023 746 4102 diligunt
759 4023 889 4082 salutare
902 4029 997 4081 tuunu

214 4129 278 4206 ligo
292 4135 392 4187 autem
407 4129 559 4187 mendicus
572 4147 647 4201 snm,
663 4133 693 4185 et
706 4146 836 4205 pauper:
857 4127 1006 4184 Dominus
1018 4123 1162 4183 sollicitus
1175 4130 1221 4182 est
1233 4124 1300 4181 mei.

213 4232 348 4309 Adjutor
357 4252 450 4305 meus,
465 4237 495 4290 et
510 4236 660 4308 protector
673 4249 756 4289 meus
769 4236 804 4289 tu
817 4249 866 4289 es:
888 4231 971 4289 Deus
986 4246 1077 4297 meus,
1091 4248 1130 4287 ne
1143 4226 1313 4286 tardaveris

215 4337 361 4414 Requiem
376 4344 526 4395 aternam.
