<?xml version="1.0" encoding="UTF-8"?>
<!DOCTYPE html PUBLIC "-//W3C//DTD XHTML 1.0 Transitional//EN"
    "http://www.w3.org/TR/xhtml1/DTD/xhtml1-transitional.dtd">
<html xmlns="http://www.w3.org/1999/xhtml" xml:lang="en" lang="en">
 <head>
  <title>
</title>
<meta http-equiv="Content-Type" content="text/html;charset=utf-8" />
  <meta name='ocr-system' content='tesseract 3.04.00' />
  <meta name='ocr-capabilities' content='ocr_page ocr_carea ocr_par ocr_line ocrx_word'/>
</head>
<body>
  <div class='ocr_page' id='page_1' title='image "./manualeetproces00minsgoog_0297.png"; bbox 0 0 3022 4966; ppageno 0'>
   <div class='ocr_carea' id='block_1_1' title="bbox 151 368 1001 469">
    <p class='ocr_par' dir='ltr' id='par_1_1' title="bbox 151 368 1001 469">
     <span class='ocr_line' id='line_1_1' title="bbox 151 368 1001 469; baseline -0.004 -24"><span class='ocrx_word' id='word_1_1' title='bbox 151 381 209 447; x_wconf 76' lang='lat' dir='ltr'><strong>to·</strong></span> <span class='ocrx_word' id='word_1_2' title='bbox 504 368 849 469; x_wconf 73' lang='lat' dir='ltr'><strong>Menoeteodoeom</strong></span> <span class='ocrx_word' id='word_1_3' title='bbox 863 375 1001 442; x_wconf 76' lang='lat' dir='ltr'><strong>Soram.</strong></span> 
     </span>
    </p>
   </div>
   <div class='ocr_carea' id='block_1_2' title="bbox 144 542 1361 3273">
    <p class='ocr_par' dir='ltr' id='par_1_2' title="bbox 210 542 998 622">
     <span class='ocr_line' id='line_1_2' title="bbox 210 542 998 622; baseline -0.004 -18"><span class='ocrx_word' id='word_1_4' title='bbox 210 547 249 604; x_wconf 91' lang='lat' dir='ltr'><strong>In</strong></span> <span class='ocrx_word' id='word_1_5' title='bbox 263 543 383 605; x_wconf 89' lang='lat' dir='ltr'><strong>nomine</strong></span> <span class='ocrx_word' id='word_1_6' title='bbox 396 542 610 622; x_wconf 73' lang='lat' dir='ltr'><strong>Apostolorum</strong></span> <span class='ocrx_word' id='word_1_7' title='bbox 624 549 655 602; x_wconf 91' lang='lat' dir='ltr'><strong>et</strong></span> <span class='ocrx_word' id='word_1_8' title='bbox 669 542 848 619; x_wconf 85' lang='lat' dir='ltr'><strong>Martyrum</strong></span> <span class='ocrx_word' id='word_1_9' title='bbox 890 542 998 601; x_wconf 80' lang='lat' dir='ltr'><strong>Amen.</strong></span> 
     </span>
    </p>

    <p class='ocr_par' dir='ltr' id='par_1_3' title="bbox 211 623 1037 700">
     <span class='ocr_line' id='line_1_3' title="bbox 211 623 1037 700; baseline -0.004 -17"><span class='ocrx_word' id='word_1_10' title='bbox 211 626 250 684; x_wconf 91' lang='lat' dir='ltr'><strong>In</strong></span> <span class='ocrx_word' id='word_1_11' title='bbox 265 625 385 684; x_wconf 90' lang='lat' dir='ltr'><strong>nomine</strong></span> <span class='ocrx_word' id='word_1_12' title='bbox 399 624 607 683; x_wconf 71' lang='lat' dir='ltr'><strong>confessorum</strong></span> <span class='ocrx_word' id='word_1_13' title='bbox 621 630 653 682; x_wconf 87' lang='lat' dir='ltr'><strong>et</strong></span> <span class='ocrx_word' id='word_1_14' title='bbox 666 623 888 700; x_wconf 84' lang='lat' dir='ltr'><strong>Episcoporum</strong></span> <span class='ocrx_word' id='word_1_15' title='bbox 930 623 1037 681; x_wconf 88' lang='lat' dir='ltr'><strong>Amen.</strong></span> 
     </span>
    </p>

    <p class='ocr_par' dir='ltr' id='par_1_4' title="bbox 210 700 1356 774">
     <span class='ocr_line' id='line_1_4' title="bbox 210 700 1356 774; baseline -0.001 -10"><span class='ocrx_word' id='word_1_16' title='bbox 210 706 250 764; x_wconf 91' lang='lat' dir='ltr'><strong>In</strong></span> <span class='ocrx_word' id='word_1_17' title='bbox 263 707 384 764; x_wconf 89' lang='lat' dir='ltr'><strong>nomine</strong></span> <span class='ocrx_word' id='word_1_18' title='bbox 397 705 589 764; x_wconf 70' lang='lat' dir='ltr'><strong>Sacerdotum</strong></span> <span class='ocrx_word' id='word_1_19' title='bbox 602 710 634 763; x_wconf 87' lang='lat' dir='ltr'><strong>et</strong></span> <span class='ocrx_word' id='word_1_20' title='bbox 647 703 831 774; x_wconf 85' lang='lat' dir='ltr'><strong>Levitarum,</strong></span> <span class='ocrx_word' id='word_1_21' title='bbox 845 709 876 761; x_wconf 86' lang='lat' dir='ltr'><strong>et</strong></span> <span class='ocrx_word' id='word_1_22' title='bbox 889 703 1024 762; x_wconf 89' lang='lat' dir='ltr'><strong>omnium</strong></span> <span class='ocrx_word' id='word_1_23' title='bbox 1038 700 1179 761; x_wconf 70' lang='lat' dir='ltr'><strong>Ecclesioe</strong></span> <span class='ocrx_word' id='word_1_24' title='bbox 1192 701 1356 763; x_wconf 75' lang='lat' dir='ltr'><strong>catholica</strong></span> 
     </span>
    </p>

    <p class='ocr_par' dir='ltr' id='par_1_5' title="bbox 147 785 1084 925">
     <span class='ocr_line' id='line_1_5' title="bbox 221 786 454 845; baseline 0.004 -2"><span class='ocrx_word' id='word_1_25' title='bbox 221 806 305 845; x_wconf 91' lang='lat' dir='ltr'><strong>uum.</strong></span> <span class='ocrx_word' id='word_1_26' title='bbox 345 786 454 845; x_wconf 88' lang='lat' dir='ltr'><strong>Amen.</strong></span> 
     </span>
     <span class='ocr_line' id='line_1_6' title="bbox 147 785 1084 925; baseline -0.002 -1"><span class='ocrx_word' id='word_1_27' title='bbox 147 785 249 924; x_wconf 66' lang='lat' dir='ltr'><strong>gradIn</strong></span> <span class='ocrx_word' id='word_1_28' title='bbox 262 867 383 925; x_wconf 92' lang='lat' dir='ltr'><strong>nomine</strong></span> <span class='ocrx_word' id='word_1_29' title='bbox 396 865 610 924; x_wconf 82' lang='lat' dir='ltr'><strong>Monaehorum</strong></span> <span class='ocrx_word' id='word_1_30' title='bbox 629 870 661 923; x_wconf 91' lang='lat' dir='ltr'><strong>et</strong></span> <span class='ocrx_word' id='word_1_31' title='bbox 674 863 934 922; x_wconf 81' lang='lat' dir='ltr'><strong>Anachoritarum.</strong></span> <span class='ocrx_word' id='word_1_32' title='bbox 976 864 1084 922; x_wconf 81' lang='lat' dir='ltr'><strong>Amen</strong></span> 
     </span>
    </p>

    <p class='ocr_par' dir='ltr' id='par_1_6' title="bbox 148 942 1358 1086">
     <span class='ocr_line' id='line_1_7' title="bbox 209 942 1358 1023; baseline 0 -19"><span class='ocrx_word' id='word_1_33' title='bbox 209 947 249 1004; x_wconf 92' lang='lat' dir='ltr'><strong>In</strong></span> <span class='ocrx_word' id='word_1_34' title='bbox 262 947 382 1005; x_wconf 89' lang='lat' dir='ltr'><strong>nomine</strong></span> <span class='ocrx_word' id='word_1_35' title='bbox 396 946 558 1023; x_wconf 80' lang='lat' dir='ltr'><strong>Virginum</strong></span> <span class='ocrx_word' id='word_1_36' title='bbox 572 951 604 1004; x_wconf 90' lang='lat' dir='ltr'><strong>et</strong></span> <span class='ocrx_word' id='word_1_37' title='bbox 616 944 749 1002; x_wconf 89' lang='lat' dir='ltr'><strong>fidelium</strong></span> <span class='ocrx_word' id='word_1_38' title='bbox 762 943 942 1017; x_wconf 82' lang='lat' dir='ltr'><strong>Viduamm,</strong></span> <span class='ocrx_word' id='word_1_39' title='bbox 956 942 1044 1002; x_wconf 89' lang='lat' dir='ltr'><strong>hodie</strong></span> <span class='ocrx_word' id='word_1_40' title='bbox 1056 942 1089 1001; x_wconf 91' lang='lat' dir='ltr'><strong>in</strong></span> <span class='ocrx_word' id='word_1_41' title='bbox 1102 960 1176 1020; x_wconf 84' lang='lat' dir='ltr'><strong>paee</strong></span> <span class='ocrx_word' id='word_1_42' title='bbox 1187 942 1275 1003; x_wconf 84' lang='lat' dir='ltr'><strong>locus</strong></span> <span class='ocrx_word' id='word_1_43' title='bbox 1287 950 1358 1004; x_wconf 84' lang='lat' dir='ltr'><strong>tuus</strong></span> 
     </span>
     <span class='ocr_line' id='line_1_8' title="bbox 148 1023 1025 1086; baseline -0.005 0"><span class='ocrx_word' id='word_1_44' title='bbox 148 1027 201 1086; x_wconf 85' lang='lat' dir='ltr'><strong>fiat</strong></span> <span class='ocrx_word' id='word_1_45' title='bbox 215 1048 221 1085; x_wconf 92' lang='lat'>:</span> <span class='ocrx_word' id='word_1_46' title='bbox 241 1032 273 1085; x_wconf 90' lang='lat' dir='ltr'><strong>et</strong></span> <span class='ocrx_word' id='word_1_47' title='bbox 286 1026 432 1085; x_wconf 73' lang='lat' dir='ltr'><strong>habitatio</strong></span> <span class='ocrx_word' id='word_1_48' title='bbox 445 1033 498 1084; x_wconf 89' lang='lat' dir='ltr'><strong>tua</strong></span> <span class='ocrx_word' id='word_1_49' title='bbox 510 1026 544 1083; x_wconf 92' lang='lat' dir='ltr'><strong>in</strong></span> <span class='ocrx_word' id='word_1_50' title='bbox 554 1024 663 1084; x_wconf 75' lang='lat' dir='ltr'><strong>calesti</strong></span> <span class='ocrx_word' id='word_1_51' title='bbox 676 1024 874 1083; x_wconf 76' lang='lat' dir='ltr'><strong>Hierusalem.</strong></span> <span class='ocrx_word' id='word_1_52' title='bbox 916 1023 1025 1082; x_wconf 85' lang='lat' dir='ltr'><strong>Amen</strong></span> 
     </span>
    </p>

    <p class='ocr_par' dir='ltr' id='par_1_7' title="bbox 208 1107 495 1166">
     <span class='ocr_line' id='line_1_9' title="bbox 208 1107 495 1166; baseline -0.003 0"><span class='ocrx_word' id='word_1_53' title='bbox 208 1107 341 1166; x_wconf 86' lang='lat' dir='ltr'><strong>Oramus.</strong></span> <span class='ocrx_word' id='word_1_54' title='bbox 385 1107 495 1166; x_wconf 80' lang='lat' dir='ltr'><strong>Oratio.</strong></span> 
     </span>
    </p>

    <p class='ocr_par' dir='ltr' id='par_1_8' title="bbox 148 1183 1360 1327">
     <span class='ocr_line' id='line_1_10' title="bbox 208 1183 1360 1264; baseline -0.003 -17"><span class='ocrx_word' id='word_1_55' title='bbox 208 1188 329 1264; x_wconf 78' lang='lat' dir='ltr'><strong>Suscipe</strong></span> <span class='ocrx_word' id='word_1_56' title='bbox 349 1187 459 1264; x_wconf 87' lang='lat' dir='ltr'><strong>itaque,</strong></span> <span class='ocrx_word' id='word_1_57' title='bbox 474 1186 612 1258; x_wconf 91' lang='lat' dir='ltr'><strong>Domine,</strong></span> <span class='ocrx_word' id='word_1_58' title='bbox 627 1204 746 1244; x_wconf 80' lang='lat' dir='ltr'><strong>servum</strong></span> <span class='ocrx_word' id='word_1_59' title='bbox 767 1191 854 1244; x_wconf 88' lang='lat' dir='ltr'><strong>tuum</strong></span> <span class='ocrx_word' id='word_1_60' title='bbox 866 1184 899 1242; x_wconf 92' lang='lat' dir='ltr'><strong>in</strong></span> <span class='ocrx_word' id='word_1_61' title='bbox 912 1185 1024 1243; x_wconf 89' lang='lat' dir='ltr'><strong>bonnm</strong></span> <span class='ocrx_word' id='word_1_62' title='bbox 1038 1190 1069 1243; x_wconf 89' lang='lat' dir='ltr'><strong>et</strong></span> <span class='ocrx_word' id='word_1_63' title='bbox 1085 1183 1221 1242; x_wconf 88' lang='lat' dir='ltr'><strong>lucidum</strong></span> <span class='ocrx_word' id='word_1_64' title='bbox 1241 1183 1360 1244; x_wconf 85' lang='lat' dir='ltr'><strong>habita·</strong></span> 
     </span>
     <span class='ocr_line' id='line_1_11' title="bbox 148 1267 508 1327; baseline -0.008 0"><span class='ocrx_word' id='word_1_65' title='bbox 148 1267 248 1327; x_wconf 89' lang='lat' dir='ltr'><strong>culum</strong></span> <span class='ocrx_word' id='word_1_66' title='bbox 262 1276 357 1326; x_wconf 88' lang='lat' dir='ltr'><strong>tuum.</strong></span> <span class='ocrx_word' id='word_1_67' title='bbox 399 1270 508 1325; x_wconf 90' lang='lat' dir='ltr'><strong>Amen.</strong></span> 
     </span>
    </p>

    <p class='ocr_par' dir='ltr' id='par_1_9' title="bbox 148 1344 1361 1507">
     <span class='ocr_line' id='line_1_12' title="bbox 208 1344 1361 1423; baseline -0.003 -16"><span class='ocrx_word' id='word_1_68' title='bbox 208 1348 324 1423; x_wconf 86' lang='lat' dir='ltr'><strong>Libera,</strong></span> <span class='ocrx_word' id='word_1_69' title='bbox 340 1349 477 1421; x_wconf 90' lang='lat' dir='ltr'><strong>Domine,</strong></span> <span class='ocrx_word' id='word_1_70' title='bbox 492 1347 623 1406; x_wconf 81' lang='lat' dir='ltr'><strong>animem</strong></span> <span class='ocrx_word' id='word_1_71' title='bbox 642 1346 721 1404; x_wconf 84' lang='lat' dir='ltr'><strong>servi</strong></span> <span class='ocrx_word' id='word_1_72' title='bbox 740 1345 788 1403; x_wconf 86' lang='lat' dir='ltr'><strong>tui</strong></span> <span class='ocrx_word' id='word_1_73' title='bbox 801 1365 840 1403; x_wconf 84' lang='lat' dir='ltr'><strong>ex</strong></span> <span class='ocrx_word' id='word_1_74' title='bbox 859 1345 997 1403; x_wconf 86' lang='lat' dir='ltr'><strong>omnibus</strong></span> <span class='ocrx_word' id='word_1_75' title='bbox 1009 1345 1148 1423; x_wconf 85' lang='lat' dir='ltr'><strong>perieulis</strong></span> <span class='ocrx_word' id='word_1_76' title='bbox 1168 1344 1361 1404; x_wconf 83' lang='lat' dir='ltr'><strong>infernomm</strong></span> 
     </span>
     <span class='ocr_line' id='line_1_13' title="bbox 148 1426 1289 1507; baseline -0.003 -20"><span class='ocrx_word' id='word_1_77' title='bbox 148 1430 225 1488; x_wconf 90' lang='lat' dir='ltr'><strong>etde</strong></span> <span class='ocrx_word' id='word_1_78' title='bbox 238 1430 310 1487; x_wconf 87' lang='lat' dir='ltr'><strong>locis</strong></span> <span class='ocrx_word' id='word_1_79' title='bbox 323 1448 475 1507; x_wconf 84' lang='lat' dir='ltr'><strong>poenarum</strong></span> <span class='ocrx_word' id='word_1_80' title='bbox 488 1434 519 1486; x_wconf 89' lang='lat' dir='ltr'><strong>et</strong></span> <span class='ocrx_word' id='word_1_81' title='bbox 532 1428 569 1485; x_wconf 88' lang='lat' dir='ltr'><strong>de</strong></span> <span class='ocrx_word' id='word_1_82' title='bbox 582 1427 718 1485; x_wconf 88' lang='lat' dir='ltr'><strong>omnibus</strong></span> <span class='ocrx_word' id='word_1_83' title='bbox 731 1426 882 1483; x_wconf 88' lang='lat' dir='ltr'><strong>doloribus</strong></span> <span class='ocrx_word' id='word_1_84' title='bbox 896 1426 1130 1485; x_wconf 88' lang='lat' dir='ltr'><strong>tribulationum.</strong></span> <span class='ocrx_word' id='word_1_85' title='bbox 1174 1427 1289 1484; x_wconf 83' lang='lat' dir='ltr'><strong>Amen.</strong></span> 
     </span>
    </p>

    <p class='ocr_par' dir='ltr' id='par_1_10' title="bbox 149 1504 1361 1648">
     <span class='ocr_line' id='line_1_14' title="bbox 208 1504 1361 1580; baseline -0.003 -13"><span class='ocrx_word' id='word_1_86' title='bbox 208 1510 324 1580; x_wconf 87' lang='lat' dir='ltr'><strong>Libera,</strong></span> <span class='ocrx_word' id='word_1_87' title='bbox 346 1509 484 1580; x_wconf 90' lang='lat' dir='ltr'><strong>Domine,</strong></span> <span class='ocrx_word' id='word_1_88' title='bbox 504 1509 636 1567; x_wconf 89' lang='lat' dir='ltr'><strong>animam</strong></span> <span class='ocrx_word' id='word_1_89' title='bbox 656 1507 735 1564; x_wconf 85' lang='lat' dir='ltr'><strong>servi</strong></span> <span class='ocrx_word' id='word_1_90' title='bbox 754 1506 810 1578; x_wconf 89' lang='lat' dir='ltr'><strong>tui,</strong></span> <span class='ocrx_word' id='word_1_91' title='bbox 825 1507 903 1564; x_wconf 86' lang='lat' dir='ltr'><strong>sicut</strong></span> <span class='ocrx_word' id='word_1_92' title='bbox 923 1506 1057 1566; x_wconf 84' lang='lat' dir='ltr'><strong>liberasti</strong></span> <span class='ocrx_word' id='word_1_93' title='bbox 1076 1504 1182 1564; x_wconf 83' lang='lat' dir='ltr'><strong>Enoch</strong></span> <span class='ocrx_word' id='word_1_94' title='bbox 1203 1512 1236 1564; x_wconf 90' lang='lat' dir='ltr'><strong>et</strong></span> <span class='ocrx_word' id='word_1_95' title='bbox 1258 1505 1361 1564; x_wconf 75' lang='lat' dir='ltr'><strong>Elium</strong></span> 
     </span>
     <span class='ocr_line' id='line_1_15' title="bbox 149 1588 647 1648; baseline -0.006 0"><span class='ocrx_word' id='word_1_96' title='bbox 149 1589 186 1648; x_wconf 88' lang='lat' dir='ltr'><strong>de</strong></span> <span class='ocrx_word' id='word_1_97' title='bbox 199 1597 323 1648; x_wconf 89' lang='lat' dir='ltr'><strong>mortem</strong></span> <span class='ocrx_word' id='word_1_98' title='bbox 339 1589 496 1648; x_wconf 82' lang='lat' dir='ltr'><strong>communi</strong></span> <span class='ocrx_word' id='word_1_99' title='bbox 539 1588 647 1646; x_wconf 82' lang='lat' dir='ltr'><strong>Amen.</strong></span> 
     </span>
    </p>

    <p class='ocr_par' dir='ltr' id='par_1_11' title="bbox 147 1665 1361 1825">
     <span class='ocr_line' id='line_1_16' title="bbox 207 1665 1361 1741; baseline -0.003 -14"><span class='ocrx_word' id='word_1_100' title='bbox 207 1670 323 1741; x_wconf 87' lang='lat' dir='ltr'><strong>Libera,</strong></span> <span class='ocrx_word' id='word_1_101' title='bbox 339 1669 476 1741; x_wconf 86' lang='lat' dir='ltr'><strong>Domine,</strong></span> <span class='ocrx_word' id='word_1_102' title='bbox 490 1669 621 1726; x_wconf 90' lang='lat' dir='ltr'><strong>animam</strong></span> <span class='ocrx_word' id='word_1_103' title='bbox 641 1666 795 1738; x_wconf 82' lang='lat' dir='ltr'><strong>servitui,</strong></span> <span class='ocrx_word' id='word_1_104' title='bbox 816 1666 894 1724; x_wconf 82' lang='lat' dir='ltr'><strong>siout</strong></span> <span class='ocrx_word' id='word_1_105' title='bbox 906 1665 1039 1725; x_wconf 75' lang='lat' dir='ltr'><strong>liberasti</strong></span> <span class='ocrx_word' id='word_1_106' title='bbox 1059 1665 1137 1726; x_wconf 87' lang='lat' dir='ltr'><strong>Loth</strong></span> <span class='ocrx_word' id='word_1_107' title='bbox 1157 1666 1196 1725; x_wconf 90' lang='lat' dir='ltr'><strong>de</strong></span> <span class='ocrx_word' id='word_1_108' title='bbox 1218 1665 1361 1726; x_wconf 84' lang='lat' dir='ltr'><strong>Sodomis</strong></span> 
     </span>
     <span class='ocr_line' id='line_1_17' title="bbox 147 1748 612 1825; baseline -0.002 -17"><span class='ocrx_word' id='word_1_109' title='bbox 147 1755 179 1808; x_wconf 90' lang='lat' dir='ltr'><strong>et</strong></span> <span class='ocrx_word' id='word_1_110' title='bbox 192 1750 228 1807; x_wconf 90' lang='lat' dir='ltr'><strong>de</strong></span> <span class='ocrx_word' id='word_1_111' title='bbox 242 1749 361 1807; x_wconf 85' lang='lat' dir='ltr'><strong>flamma</strong></span> <span class='ocrx_word' id='word_1_112' title='bbox 374 1748 462 1825; x_wconf 80' lang='lat' dir='ltr'><strong>ignis.</strong></span> <span class='ocrx_word' id='word_1_113' title='bbox 503 1749 612 1807; x_wconf 80' lang='lat' dir='ltr'><strong>Amen.</strong></span> 
     </span>
    </p>

    <p class='ocr_par' dir='ltr' id='par_1_12' title="bbox 148 1825 1361 1988">
     <span class='ocr_line' id='line_1_18' title="bbox 207 1825 1361 1901; baseline 0 -15"><span class='ocrx_word' id='word_1_114' title='bbox 207 1830 325 1901; x_wconf 87' lang='lat' dir='ltr'><strong>Libera,</strong></span> <span class='ocrx_word' id='word_1_115' title='bbox 348 1829 485 1901; x_wconf 88' lang='lat' dir='ltr'><strong>Domine,</strong></span> <span class='ocrx_word' id='word_1_116' title='bbox 509 1830 640 1887; x_wconf 88' lang='lat' dir='ltr'><strong>animam</strong></span> <span class='ocrx_word' id='word_1_117' title='bbox 663 1827 742 1885; x_wconf 85' lang='lat' dir='ltr'><strong>servi</strong></span> <span class='ocrx_word' id='word_1_118' title='bbox 762 1827 809 1884; x_wconf 86' lang='lat' dir='ltr'><strong>tui</strong></span> <span class='ocrx_word' id='word_1_119' title='bbox 831 1825 909 1885; x_wconf 91' lang='lat' dir='ltr'><strong>sicut</strong></span> <span class='ocrx_word' id='word_1_120' title='bbox 929 1827 1063 1886; x_wconf 83' lang='lat' dir='ltr'><strong>liberasti</strong></span> <span class='ocrx_word' id='word_1_121' title='bbox 1090 1826 1176 1885; x_wconf 87' lang='lat' dir='ltr'><strong>Isaac</strong></span> <span class='ocrx_word' id='word_1_122' title='bbox 1201 1825 1239 1886; x_wconf 89' lang='lat' dir='ltr'><strong>de</strong></span> <span class='ocrx_word' id='word_1_123' title='bbox 1264 1846 1361 1886; x_wconf 88' lang='lat' dir='ltr'><strong>manu</strong></span> 
     </span>
     <span class='ocr_line' id='line_1_19' title="bbox 148 1909 608 1988; baseline 0 -21"><span class='ocrx_word' id='word_1_124' title='bbox 148 1910 242 1988; x_wconf 84' lang='lat' dir='ltr'><strong>patris</strong></span> <span class='ocrx_word' id='word_1_125' title='bbox 255 1909 303 1967; x_wconf 88' lang='lat' dir='ltr'><strong>sui</strong></span> <span class='ocrx_word' id='word_1_126' title='bbox 315 1909 457 1967; x_wconf 81' lang='lat' dir='ltr'><strong>Abrahoe.</strong></span> <span class='ocrx_word' id='word_1_127' title='bbox 499 1910 608 1968; x_wconf 85' lang='lat' dir='ltr'><strong>Amen.</strong></span> 
     </span>
    </p>

    <p class='ocr_par' dir='ltr' id='par_1_13' title="bbox 145 1987 1358 2130">
     <span class='ocr_line' id='line_1_20' title="bbox 206 1987 1358 2064; baseline -0.003 -16"><span class='ocrx_word' id='word_1_128' title='bbox 206 1990 323 2064; x_wconf 79' lang='lat' dir='ltr'><strong>Libere,</strong></span> <span class='ocrx_word' id='word_1_129' title='bbox 339 1991 477 2063; x_wconf 88' lang='lat' dir='ltr'><strong>Domine,</strong></span> <span class='ocrx_word' id='word_1_130' title='bbox 491 1989 621 2048; x_wconf 84' lang='lat' dir='ltr'><strong>animam</strong></span> <span class='ocrx_word' id='word_1_131' title='bbox 641 1988 720 2048; x_wconf 86' lang='lat' dir='ltr'><strong>servi</strong></span> <span class='ocrx_word' id='word_1_132' title='bbox 732 1987 786 2060; x_wconf 87' lang='lat' dir='ltr'><strong>tui,</strong></span> <span class='ocrx_word' id='word_1_133' title='bbox 802 1987 879 2045; x_wconf 89' lang='lat' dir='ltr'><strong>sicut</strong></span> <span class='ocrx_word' id='word_1_134' title='bbox 899 1987 1034 2046; x_wconf 80' lang='lat' dir='ltr'><strong>liberasti</strong></span> <span class='ocrx_word' id='word_1_135' title='bbox 1054 1987 1182 2064; x_wconf 85' lang='lat' dir='ltr'><strong>Moysen</strong></span> <span class='ocrx_word' id='word_1_136' title='bbox 1203 1987 1241 2047; x_wconf 92' lang='lat' dir='ltr'><strong>de</strong></span> <span class='ocrx_word' id='word_1_137' title='bbox 1263 2008 1358 2046; x_wconf 80' lang='lat' dir='ltr'><strong>manu</strong></span> 
     </span>
     <span class='ocr_line' id='line_1_21' title="bbox 145 2070 468 2130; baseline 0 -1"><span class='ocrx_word' id='word_1_138' title='bbox 145 2070 316 2129; x_wconf 77' lang='lat' dir='ltr'><strong>Pharaonis</strong></span> <span class='ocrx_word' id='word_1_139' title='bbox 359 2072 468 2130; x_wconf 87' lang='lat' dir='ltr'><strong>Amen.</strong></span> 
     </span>
    </p>

    <p class='ocr_par' dir='ltr' id='par_1_14' title="bbox 144 2146 1358 2292">
     <span class='ocr_line' id='line_1_22' title="bbox 206 2146 1358 2226; baseline -0.002 -17"><span class='ocrx_word' id='word_1_140' title='bbox 206 2151 322 2226; x_wconf 81' lang='lat' dir='ltr'><strong>Libere,</strong></span> <span class='ocrx_word' id='word_1_141' title='bbox 338 2151 475 2225; x_wconf 89' lang='lat' dir='ltr'><strong>Domine,</strong></span> <span class='ocrx_word' id='word_1_142' title='bbox 489 2150 620 2209; x_wconf 86' lang='lat' dir='ltr'><strong>animam</strong></span> <span class='ocrx_word' id='word_1_143' title='bbox 639 2149 718 2208; x_wconf 83' lang='lat' dir='ltr'><strong>servi</strong></span> <span class='ocrx_word' id='word_1_144' title='bbox 731 2147 786 2217; x_wconf 89' lang='lat' dir='ltr'><strong>tui,</strong></span> <span class='ocrx_word' id='word_1_145' title='bbox 801 2146 879 2205; x_wconf 87' lang='lat' dir='ltr'><strong>sicut</strong></span> <span class='ocrx_word' id='word_1_146' title='bbox 892 2146 1024 2206; x_wconf 81' lang='lat' dir='ltr'><strong>liberasti</strong></span> <span class='ocrx_word' id='word_1_147' title='bbox 1036 2148 1097 2207; x_wconf 85' lang='lat' dir='ltr'><strong>Job</strong></span> <span class='ocrx_word' id='word_1_148' title='bbox 1116 2147 1153 2208; x_wconf 84' lang='lat' dir='ltr'><strong>de</strong></span> <span class='ocrx_word' id='word_1_149' title='bbox 1165 2148 1358 2225; x_wconf 68' lang='lat' dir='ltr'><strong>passionibus</strong></span> 
     </span>
     <span class='ocr_line' id='line_1_23' title="bbox 144 2233 719 2292; baseline -0.01 -1"><span class='ocrx_word' id='word_1_150' title='bbox 144 2233 214 2292; x_wconf 83' lang='lat' dir='ltr'><strong>suis.</strong></span> <span class='ocrx_word' id='word_1_151' title='bbox 257 2235 366 2291; x_wconf 85' lang='lat' dir='ltr'><strong>Amen.</strong></span> <span class='ocrx_word' id='word_1_152' title='bbox 716 2279 719 2285; x_wconf 79' lang='grc'>,</span> 
     </span>
    </p>

    <p class='ocr_par' dir='ltr' id='par_1_15' title="bbox 144 2307 1356 2468">
     <span class='ocr_line' id='line_1_24' title="bbox 206 2307 1356 2387; baseline -0.004 -16"><span class='ocrx_word' id='word_1_153' title='bbox 206 2313 322 2387; x_wconf 86' lang='lat' dir='ltr'><strong>Libera,</strong></span> <span class='ocrx_word' id='word_1_154' title='bbox 344 2312 481 2384; x_wconf 90' lang='lat' dir='ltr'><strong>Domine,</strong></span> <span class='ocrx_word' id='word_1_155' title='bbox 502 2312 633 2370; x_wconf 89' lang='lat' dir='ltr'><strong>animam</strong></span> <span class='ocrx_word' id='word_1_156' title='bbox 652 2311 732 2368; x_wconf 85' lang='lat' dir='ltr'><strong>servi</strong></span> <span class='ocrx_word' id='word_1_157' title='bbox 751 2307 807 2380; x_wconf 87' lang='lat' dir='ltr'><strong>tui,</strong></span> <span class='ocrx_word' id='word_1_158' title='bbox 828 2307 906 2366; x_wconf 89' lang='lat' dir='ltr'><strong>sicut</strong></span> <span class='ocrx_word' id='word_1_159' title='bbox 927 2307 1060 2367; x_wconf 78' lang='lat' dir='ltr'><strong>liberasti</strong></span> <span class='ocrx_word' id='word_1_160' title='bbox 1080 2308 1180 2368; x_wconf 87' lang='lat' dir='ltr'><strong>David</strong></span> <span class='ocrx_word' id='word_1_161' title='bbox 1202 2309 1241 2369; x_wconf 88' lang='lat' dir='ltr'><strong>de</strong></span> <span class='ocrx_word' id='word_1_162' title='bbox 1262 2329 1356 2368; x_wconf 87' lang='lat' dir='ltr'><strong>manu</strong></span> 
     </span>
     <span class='ocr_line' id='line_1_25' title="bbox 144 2392 772 2468; baseline -0.006 -16"><span class='ocrx_word' id='word_1_163' title='bbox 144 2392 239 2452; x_wconf 72' lang='lat' dir='ltr'><strong>Golia</strong></span> <span class='ocrx_word' id='word_1_164' title='bbox 252 2400 284 2452; x_wconf 90' lang='lat' dir='ltr'><strong>et</strong></span> <span class='ocrx_word' id='word_1_165' title='bbox 297 2394 333 2451; x_wconf 92' lang='lat' dir='ltr'><strong>de</strong></span> <span class='ocrx_word' id='word_1_166' title='bbox 347 2413 437 2452; x_wconf 89' lang='lat' dir='ltr'><strong>mauu</strong></span> <span class='ocrx_word' id='word_1_167' title='bbox 452 2392 523 2451; x_wconf 84' lang='lat' dir='ltr'><strong>Saul</strong></span> <span class='ocrx_word' id='word_1_168' title='bbox 537 2392 620 2468; x_wconf 81' lang='lat' dir='ltr'><strong>regis.</strong></span> <span class='ocrx_word' id='word_1_169' title='bbox 667 2392 772 2449; x_wconf 86' lang='lat' dir='ltr'><strong>Amen.</strong></span> 
     </span>
    </p>

    <p class='ocr_par' dir='ltr' id='par_1_16' title="bbox 144 2468 1355 2613">
     <span class='ocr_line' id='line_1_26' title="bbox 206 2468 1355 2548; baseline -0.003 -16"><span class='ocrx_word' id='word_1_170' title='bbox 206 2474 322 2547; x_wconf 89' lang='lat' dir='ltr'><strong>Libera,</strong></span> <span class='ocrx_word' id='word_1_171' title='bbox 346 2475 484 2546; x_wconf 86' lang='lat' dir='ltr'><strong>Domine,</strong></span> <span class='ocrx_word' id='word_1_172' title='bbox 504 2473 633 2532; x_wconf 86' lang='lat' dir='ltr'><strong>animam</strong></span> <span class='ocrx_word' id='word_1_173' title='bbox 654 2473 731 2530; x_wconf 83' lang='lat' dir='ltr'><strong>servi</strong></span> <span class='ocrx_word' id='word_1_174' title='bbox 751 2475 806 2548; x_wconf 90' lang='lat' dir='ltr'><strong>tui,</strong></span> <span class='ocrx_word' id='word_1_175' title='bbox 821 2475 899 2534; x_wconf 84' lang='lat' dir='ltr'><strong>sicut</strong></span> <span class='ocrx_word' id='word_1_176' title='bbox 914 2470 1047 2530; x_wconf 80' lang='lat' dir='ltr'><strong>liberasti</strong></span> <span class='ocrx_word' id='word_1_177' title='bbox 1063 2468 1223 2529; x_wconf 87' lang='lat' dir='ltr'><strong>Danielem</strong></span> <span class='ocrx_word' id='word_1_178' title='bbox 1237 2469 1275 2528; x_wconf 89' lang='lat' dir='ltr'><strong>de</strong></span> <span class='ocrx_word' id='word_1_179' title='bbox 1289 2470 1355 2529; x_wconf 88' lang='lat' dir='ltr'><strong>lacn</strong></span> 
     </span>
     <span class='ocr_line' id='line_1_27' title="bbox 144 2555 423 2613; baseline 0.007 -2"><span class='ocrx_word' id='word_1_180' title='bbox 144 2555 271 2613; x_wconf 91' lang='lat' dir='ltr'><strong>leonum.</strong></span> <span class='ocrx_word' id='word_1_181' title='bbox 315 2557 423 2613; x_wconf 89' lang='lat' dir='ltr'><strong>Amen.</strong></span> 
     </span>
    </p>

    <p class='ocr_par' dir='ltr' id='par_1_17' title="bbox 144 2631 1353 2792">
     <span class='ocr_line' id='line_1_28' title="bbox 206 2631 1353 2708; baseline -0.003 -16"><span class='ocrx_word' id='word_1_182' title='bbox 206 2636 321 2707; x_wconf 85' lang='lat' dir='ltr'><strong>Libera,</strong></span> <span class='ocrx_word' id='word_1_183' title='bbox 349 2636 487 2705; x_wconf 86' lang='lat' dir='ltr'><strong>Domine,</strong></span> <span class='ocrx_word' id='word_1_184' title='bbox 516 2634 646 2691; x_wconf 82' lang='lat' dir='ltr'><strong>animam</strong></span> <span class='ocrx_word' id='word_1_185' title='bbox 673 2635 752 2693; x_wconf 78' lang='lat' dir='ltr'><strong>servi</strong></span> <span class='ocrx_word' id='word_1_186' title='bbox 779 2635 834 2708; x_wconf 90' lang='lat' dir='ltr'><strong>tui,</strong></span> <span class='ocrx_word' id='word_1_187' title='bbox 856 2635 933 2692; x_wconf 88' lang='lat' dir='ltr'><strong>sieut</strong></span> <span class='ocrx_word' id='word_1_188' title='bbox 953 2631 1087 2690; x_wconf 82' lang='lat' dir='ltr'><strong>liberasti</strong></span> <span class='ocrx_word' id='word_1_189' title='bbox 1106 2636 1167 2688; x_wconf 79' lang='lat' dir='ltr'><strong>tres</strong></span> <span class='ocrx_word' id='word_1_190' title='bbox 1186 2649 1298 2706; x_wconf 86' lang='lat' dir='ltr'><strong>pueros</strong></span> <span class='ocrx_word' id='word_1_191' title='bbox 1319 2632 1353 2689; x_wconf 89' lang='lat' dir='ltr'><strong>de</strong></span> 
     </span>
     <span class='ocr_line' id='line_1_29' title="bbox 144 2716 653 2792; baseline -0.008 -18"><span class='ocrx_word' id='word_1_192' title='bbox 144 2717 259 2774; x_wconf 86' lang='lat' dir='ltr'><strong>camino</strong></span> <span class='ocrx_word' id='word_1_193' title='bbox 274 2717 351 2792; x_wconf 83' lang='lat' dir='ltr'><strong>ignis</strong></span> <span class='ocrx_word' id='word_1_194' title='bbox 365 2717 502 2773; x_wconf 84' lang='lat' dir='ltr'><strong>ardentis.</strong></span> <span class='ocrx_word' id='word_1_195' title='bbox 545 2716 653 2772; x_wconf 83' lang='lat' dir='ltr'><strong>Amen.</strong></span> 
     </span>
    </p>

    <p class='ocr_par' dir='ltr' id='par_1_18' title="bbox 145 2792 1352 2935">
     <span class='ocr_line' id='line_1_30' title="bbox 207 2792 1352 2868; baseline -0.003 -16"><span class='ocrx_word' id='word_1_196' title='bbox 207 2797 322 2867; x_wconf 86' lang='lat' dir='ltr'><strong>Libera,</strong></span> <span class='ocrx_word' id='word_1_197' title='bbox 338 2797 475 2868; x_wconf 84' lang='lat' dir='ltr'><strong>Domine,</strong></span> <span class='ocrx_word' id='word_1_198' title='bbox 491 2797 619 2852; x_wconf 87' lang='lat' dir='ltr'><strong>uninnnn</strong></span> <span class='ocrx_word' id='word_1_199' title='bbox 633 2797 712 2853; x_wconf 79' lang='lat' dir='ltr'><strong>servi</strong></span> <span class='ocrx_word' id='word_1_200' title='bbox 733 2798 785 2868; x_wconf 86' lang='lat' dir='ltr'><strong>tui,</strong></span> <span class='ocrx_word' id='word_1_201' title='bbox 801 2797 878 2854; x_wconf 87' lang='lat' dir='ltr'><strong>sicut</strong></span> <span class='ocrx_word' id='word_1_202' title='bbox 899 2794 1033 2852; x_wconf 80' lang='lat' dir='ltr'><strong>liberasti</strong></span> <span class='ocrx_word' id='word_1_203' title='bbox 1047 2794 1213 2850; x_wconf 79' lang='lat' dir='ltr'><strong>Susannam</strong></span> <span class='ocrx_word' id='word_1_204' title='bbox 1228 2792 1266 2850; x_wconf 77' lang='lat' dir='ltr'><strong>&lt;le</strong></span> <span class='ocrx_word' id='word_1_205' title='bbox 1280 2793 1352 2849; x_wconf 78' lang='lat' dir='ltr'><strong>falso</strong></span> 
     </span>
     <span class='ocr_line' id='line_1_31' title="bbox 145 2877 425 2935; baseline -0.014 0"><span class='ocrx_word' id='word_1_206' title='bbox 145 2877 275 2935; x_wconf 89' lang='lat' dir='ltr'><strong>crimine.</strong></span> <span class='ocrx_word' id='word_1_207' title='bbox 319 2877 425 2932; x_wconf 89' lang='lat' dir='ltr'><strong>Amen.</strong></span> 
     </span>
    </p>

    <p class='ocr_par' dir='ltr' id='par_1_19' title="bbox 147 2953 1352 3093">
     <span class='ocr_line' id='line_1_32' title="bbox 206 2953 1352 3029; baseline -0.001 -18"><span class='ocrx_word' id='word_1_208' title='bbox 206 2955 322 3026; x_wconf 84' lang='lat' dir='ltr'><strong>Libera,</strong></span> <span class='ocrx_word' id='word_1_209' title='bbox 339 2956 475 3023; x_wconf 89' lang='lat' dir='ltr'><strong>Domine,</strong></span> <span class='ocrx_word' id='word_1_210' title='bbox 488 2956 617 3012; x_wconf 81' lang='lat' dir='ltr'><strong>unimam</strong></span> <span class='ocrx_word' id='word_1_211' title='bbox 631 2958 709 3014; x_wconf 79' lang='lat' dir='ltr'><strong>servi</strong></span> <span class='ocrx_word' id='word_1_212' title='bbox 723 2958 777 3029; x_wconf 86' lang='lat' dir='ltr'><strong>tui,</strong></span> <span class='ocrx_word' id='word_1_213' title='bbox 792 2957 869 3014; x_wconf 86' lang='lat' dir='ltr'><strong>sicut</strong></span> <span class='ocrx_word' id='word_1_214' title='bbox 890 2955 1024 3012; x_wconf 79' lang='lat' dir='ltr'><strong>liberasti</strong></span> <span class='ocrx_word' id='word_1_215' title='bbox 1039 2955 1161 3012; x_wconf 87' lang='lat' dir='ltr'><strong>Petrum</strong></span> <span class='ocrx_word' id='word_1_216' title='bbox 1176 2960 1208 3010; x_wconf 86' lang='lat' dir='ltr'><strong>et</strong></span> <span class='ocrx_word' id='word_1_217' title='bbox 1223 2953 1352 3011; x_wconf 90' lang='lat' dir='ltr'><strong>Paulum</strong></span> 
     </span>
     <span class='ocr_line' id='line_1_33' title="bbox 147 3035 481 3093; baseline -0.003 -1"><span class='ocrx_word' id='word_1_218' title='bbox 147 3036 182 3093; x_wconf 85' lang='lat' dir='ltr'><strong>de</strong></span> <span class='ocrx_word' id='word_1_219' title='bbox 197 3035 330 3092; x_wconf 81' lang='lat' dir='ltr'><strong>vineolis.</strong></span> <span class='ocrx_word' id='word_1_220' title='bbox 374 3037 481 3091; x_wconf 83' lang='lat' dir='ltr'><strong>Arnen.</strong></span> 
     </span>
    </p>

    <p class='ocr_par' dir='ltr' id='par_1_20' title="bbox 145 3115 1352 3273">
     <span class='ocr_line' id='line_1_34' title="bbox 207 3115 1352 3190; baseline -0.002 -19"><span class='ocrx_word' id='word_1_221' title='bbox 207 3117 290 3172; x_wconf 77' lang='lat' dir='ltr'><strong>Siout</strong></span> <span class='ocrx_word' id='word_1_222' title='bbox 304 3116 435 3172; x_wconf 83' lang='lat' dir='ltr'><strong>liberasti</strong></span> <span class='ocrx_word' id='word_1_223' title='bbox 450 3122 565 3172; x_wconf 86' lang='lat' dir='ltr'><strong>sanctos</strong></span> <span class='ocrx_word' id='word_1_224' title='bbox 586 3138 686 3174; x_wconf 76' lang='lat' dir='ltr'><strong>servos</strong></span> <span class='ocrx_word' id='word_1_225' title='bbox 700 3125 767 3174; x_wconf 85' lang='lat' dir='ltr'><strong>tuos</strong></span> <span class='ocrx_word' id='word_1_226' title='bbox 781 3118 816 3174; x_wconf 87' lang='lat' dir='ltr'><strong>dc</strong></span> <span class='ocrx_word' id='word_1_227' title='bbox 832 3116 1006 3174; x_wconf 82' lang='lat' dir='ltr'><strong>tormentis:</strong></span> <span class='ocrx_word' id='word_1_228' title='bbox 1028 3116 1068 3172; x_wconf 85' lang='lat' dir='ltr'><strong>sie</strong></span> <span class='ocrx_word' id='word_1_229' title='bbox 1082 3115 1208 3171; x_wconf 78' lang='lat' dir='ltr'><strong>liberare</strong></span> <span class='ocrx_word' id='word_1_230' title='bbox 1223 3115 1352 3190; x_wconf 76' lang='lat' dir='ltr'><strong>digneris</strong></span> 
     </span>
     <span class='ocr_line' id='line_1_35' title="bbox 145 3196 1349 3273; baseline -0.004 -19"><span class='ocrx_word' id='word_1_231' title='bbox 145 3197 273 3254; x_wconf 85' lang='lat' dir='ltr'><strong>animam</strong></span> <span class='ocrx_word' id='word_1_232' title='bbox 288 3197 421 3253; x_wconf 80' lang='lat' dir='ltr'><strong>servitui</strong></span> <span class='ocrx_word' id='word_1_233' title='bbox 436 3197 472 3253; x_wconf 89' lang='lat' dir='ltr'><strong>‹lo</strong></span> <span class='ocrx_word' id='word_1_234' title='bbox 485 3197 626 3273; x_wconf 80' lang='lat' dir='ltr'><strong>gohermae</strong></span> <span class='ocrx_word' id='word_1_235' title='bbox 636 3199 786 3268; x_wconf 66' lang='lat' dir='ltr'><strong>incendiis</strong></span> <span class='ocrx_word' id='word_1_236' title='bbox 803 3205 833 3255; x_wconf 89' lang='lat' dir='ltr'><strong>ot</strong></span> <span class='ocrx_word' id='word_1_237' title='bbox 847 3199 884 3254; x_wconf 83' lang='lat' dir='ltr'><strong>ab</strong></span> <span class='ocrx_word' id='word_1_238' title='bbox 895 3197 1031 3254; x_wconf 90' lang='lat' dir='ltr'><strong>omnibus</strong></span> <span class='ocrx_word' id='word_1_239' title='bbox 1046 3196 1198 3271; x_wconf 83' lang='lat' dir='ltr'><strong>angustiis.</strong></span> <span class='ocrx_word' id='word_1_240' title='bbox 1243 3199 1349 3252; x_wconf 79' lang='lat' dir='ltr'><strong>Amen</strong></span> 
     </span>
    </p>
   </div>
   <div class='ocr_carea' id='block_1_3' title="bbox 442 3448 1053 3507">
    <p class='ocr_par' dir='ltr' id='par_1_21' title="bbox 442 3448 1053 3507">
     <span class='ocr_line' id='line_1_36' title="bbox 442 3448 1053 3507; baseline 0 -1"><span class='ocrx_word' id='word_1_241' title='bbox 442 3448 761 3507; x_wconf 83' lang='lat' dir='ltr'><strong>COMMENDATIO</strong></span> <span class='ocrx_word' id='word_1_242' title='bbox 794 3449 1053 3506; x_wconf 83' lang='lat' dir='ltr'><strong>ANIMARUM.</strong></span> 
     </span>
    </p>
   </div>
   <div class='ocr_carea' id='block_1_4' title="bbox 143 3603 1356 4249">
    <p class='ocr_par' dir='ltr' id='par_1_22' title="bbox 143 3603 1354 3840">
     <span class='ocr_line' id='line_1_37' title="bbox 205 3603 1354 3680; baseline 0 -17"><span class='ocrx_word' id='word_1_243' title='bbox 205 3608 353 3680; x_wconf 78' lang='lat' dir='ltr'><strong>Sequetor</strong></span> <span class='ocrx_word' id='word_1_244' title='bbox 376 3603 597 3663; x_wconf 76' lang='lat' dir='ltr'><strong>Commendatio</strong></span> <span class='ocrx_word' id='word_1_245' title='bbox 611 3603 801 3672; x_wconf 75' lang='lat' dir='ltr'><strong>Anirnorum,</strong></span> <span class='ocrx_word' id='word_1_246' title='bbox 816 3612 842 3660; x_wconf 89' lang='lat' dir='ltr'><strong>et</strong></span> <span class='ocrx_word' id='word_1_247' title='bbox 866 3603 985 3661; x_wconf 78' lang='lat' dir='ltr'><strong>dicotur</strong></span> <span class='ocrx_word' id='word_1_248' title='bbox 999 3603 1033 3660; x_wconf 81' lang='lat' dir='ltr'><strong>in</strong></span> <span class='ocrx_word' id='word_1_249' title='bbox 1047 3623 1158 3661; x_wconf 79' lang='lat' dir='ltr'><strong>correero</strong></span> <span class='ocrx_word' id='word_1_250' title='bbox 1176 3605 1220 3661; x_wconf 84' lang='lat' dir='ltr'><strong>ret</strong></span> <span class='ocrx_word' id='word_1_251' title='bbox 1233 3607 1268 3663; x_wconf 81' lang='lat' dir='ltr'><strong>in</strong></span> <span class='ocrx_word' id='word_1_252' title='bbox 1282 3607 1354 3663; x_wconf 80' lang='grc' dir='ltr'><strong>ααΙα</strong></span> 
     </span>
     <span class='ocr_line' id='line_1_38' title="bbox 143 3684 1353 3763; baseline 0.002 -19"><span class='ocrx_word' id='word_1_253' title='bbox 143 3688 205 3744; x_wconf 79' lang='lat' dir='ltr'><strong>sine</strong></span> <span class='ocrx_word' id='word_1_254' title='bbox 226 3685 393 3760; x_wconf 76' lang='lat' dir='ltr'><strong>rrotojztrto</strong></span> <span class='ocrx_word' id='word_1_255' title='bbox 412 3706 521 3759; x_wconf 74' lang='lat' dir='ltr'><strong>eorpus,</strong></span> <span class='ocrx_word' id='word_1_256' title='bbox 538 3693 564 3742; x_wconf 92' lang='lat' dir='ltr'><strong>et</strong></span> <span class='ocrx_word' id='word_1_257' title='bbox 585 3685 684 3741; x_wconf 78' lang='lat' dir='ltr'><strong>omnio</strong></span> <span class='ocrx_word' id='word_1_258' title='bbox 704 3685 904 3758; x_wconf 74' lang='lat' dir='ltr'><strong>subsequenter</strong></span> <span class='ocrx_word' id='word_1_259' title='bbox 924 3684 1059 3740; x_wconf 78' lang='lat' dir='ltr'><strong>similiter</strong></span> <span class='ocrx_word' id='word_1_260' title='bbox 1075 3705 1162 3758; x_wconf 75' lang='lat' dir='ltr'><strong>nsque</strong></span> <span class='ocrx_word' id='word_1_261' title='bbox 1184 3686 1225 3743; x_wconf 71' lang='lat' dir='ltr'><strong>uel</strong></span> <span class='ocrx_word' id='word_1_262' title='bbox 1241 3708 1353 3763; x_wconf 77' lang='lat' dir='ltr'><strong>prores-</strong></span> 
     </span>
     <span class='ocr_line' id='line_1_39' title="bbox 145 3765 868 3840; baseline -0.004 -16"><span class='ocrx_word' id='word_1_263' title='bbox 145 3766 254 3825; x_wconf 70' lang='lat' dir='ltr'><strong>sionem</strong></span> <span class='ocrx_word' id='word_1_264' title='bbox 268 3766 310 3823; x_wconf 81' lang='lat' dir='ltr'><strong>od</strong></span> <span class='ocrx_word' id='word_1_265' title='bbox 321 3765 466 3823; x_wconf 70' lang='lat' dir='ltr'><strong>bominem</strong></span> <span class='ocrx_word' id='word_1_266' title='bbox 481 3773 630 3823; x_wconf 80' lang='lat' dir='ltr'><strong>rnortrriora</strong></span> <span class='ocrx_word' id='word_1_267' title='bbox 644 3765 868 3840; x_wconf 74' lang='lat' dir='ltr'><strong>suscipiendum.</strong></span> 
     </span>
    </p>

    <p class='ocr_par' dir='ltr' id='par_1_23' title="bbox 206 3846 721 3919">
     <span class='ocr_line' id='line_1_40' title="bbox 206 3846 721 3919; baseline 0 -18"><span class='ocrx_word' id='word_1_268' title='bbox 206 3846 277 3903; x_wconf 84' lang='lat' dir='ltr'><strong>Post</strong></span> <span class='ocrx_word' id='word_1_269' title='bbox 290 3846 564 3903; x_wconf 75' lang='lat' dir='ltr'><strong>eorrtrnerototionem</strong></span> <span class='ocrx_word' id='word_1_270' title='bbox 578 3854 721 3919; x_wconf 67' lang='lat' dir='ltr'><strong>recitator.</strong></span> 
     </span>
    </p>

    <p class='ocr_par' dir='ltr' id='par_1_24' title="bbox 205 3925 1107 4001">
     <span class='ocr_line' id='line_1_41' title="bbox 205 3925 1107 4001; baseline 0 -20"><span class='ocrx_word' id='word_1_271' title='bbox 205 3926 288 4001; x_wconf 77' lang='lat' dir='ltr'><strong>Itesp.</strong></span> <span class='ocrx_word' id='word_1_272' title='bbox 333 3927 495 3982; x_wconf 81' lang='lat' dir='ltr'><strong>Subvenite</strong></span> <span class='ocrx_word' id='word_1_273' title='bbox 510 3926 611 3982; x_wconf 81' lang='lat' dir='ltr'><strong>Sancti</strong></span> <span class='ocrx_word' id='word_1_274' title='bbox 626 3927 693 3997; x_wconf 83' lang='lat' dir='ltr'><strong>Dei,</strong></span> <span class='ocrx_word' id='word_1_275' title='bbox 708 3934 733 3982; x_wconf 89' lang='lat' dir='ltr'><strong>et</strong></span> <span class='ocrx_word' id='word_1_276' title='bbox 748 3934 839 3983; x_wconf 81' lang='lat' dir='ltr'><strong>cetero</strong></span> <span class='ocrx_word' id='word_1_277' title='bbox 854 3933 885 3981; x_wconf 80' lang='lat' dir='ltr'><strong>ut</strong></span> <span class='ocrx_word' id='word_1_278' title='bbox 900 3944 1000 3999; x_wconf 77' lang='lat' dir='ltr'><strong>snpra,</strong></span> <span class='ocrx_word' id='word_1_279' title='bbox 1016 3944 1043 4000; x_wconf 84' lang='lat' dir='ltr'><strong>p.</strong></span> <span class='ocrx_word' id='word_1_280' title='bbox 1061 3925 1107 3981; x_wconf 77' lang='lat'><strong>92.</strong></span> 
     </span>
    </p>

    <p class='ocr_par' dir='ltr' id='par_1_25' title="bbox 213 4005 1158 4081">
     <span class='ocr_line' id='line_1_42' title="bbox 213 4005 1158 4081; baseline -0.001 -18"><span class='ocrx_word' id='word_1_281' title='bbox 213 4005 323 4064; x_wconf 80' lang='lat' dir='ltr'><strong>Versus.</strong></span> <span class='ocrx_word' id='word_1_282' title='bbox 367 4007 516 4081; x_wconf 80' lang='lat' dir='ltr'><strong>Suscipint</strong></span> <span class='ocrx_word' id='word_1_283' title='bbox 530 4014 560 4063; x_wconf 91' lang='lat' dir='ltr'><strong>te</strong></span> <span class='ocrx_word' id='word_1_284' title='bbox 575 4006 720 4077; x_wconf 70' lang='lat' dir='ltr'><strong>Christus,</strong></span> <span class='ocrx_word' id='word_1_285' title='bbox 736 4015 762 4063; x_wconf 85' lang='lat' dir='ltr'><strong>et</strong></span> <span class='ocrx_word' id='word_1_286' title='bbox 776 4014 867 4063; x_wconf 84' lang='lat' dir='ltr'><strong>cetero</strong></span> <span class='ocrx_word' id='word_1_287' title='bbox 880 4014 913 4061; x_wconf 77' lang='lat' dir='ltr'><strong>ut</strong></span> <span class='ocrx_word' id='word_1_288' title='bbox 928 4026 1028 4080; x_wconf 75' lang='lat' dir='ltr'><strong>supro,</strong></span> <span class='ocrx_word' id='word_1_289' title='bbox 1044 4006 1158 4063; x_wconf 80' lang='lat' dir='ltr'><strong>ibidem.</strong></span> 
     </span>
    </p>

    <p class='ocr_par' dir='ltr' id='par_1_26' title="bbox 205 4086 1134 4161">
     <span class='ocr_line' id='line_1_43' title="bbox 205 4086 1134 4161; baseline 0 -17"><span class='ocrx_word' id='word_1_290' title='bbox 205 4086 352 4161; x_wconf 74' lang='lat' dir='ltr'><strong>Sequetur</strong></span> <span class='ocrx_word' id='word_1_291' title='bbox 367 4087 469 4144; x_wconf 82' lang='lat' dir='ltr'><strong>Oratio</strong></span> <span class='ocrx_word' id='word_1_292' title='bbox 482 4087 544 4144; x_wconf 82' lang='lat' dir='ltr'><strong>eine</strong></span> <span class='ocrx_word' id='word_1_293' title='bbox 558 4087 706 4143; x_wconf 86' lang='lat' dir='ltr'><strong>Dominus</strong></span> <span class='ocrx_word' id='word_1_294' title='bbox 719 4087 871 4143; x_wconf 80' lang='lat' dir='ltr'><strong>vobiscum</strong></span> <span class='ocrx_word' id='word_1_295' title='bbox 885 4095 910 4142; x_wconf 89' lang='lat' dir='ltr'><strong>et</strong></span> <span class='ocrx_word' id='word_1_296' title='bbox 924 4086 985 4143; x_wconf 77' lang='lat' dir='ltr'><strong>ei&#39;ree</strong></span> <span class='ocrx_word' id='word_1_297' title='bbox 1001 4087 1134 4144; x_wconf 86' lang='lat' dir='ltr'><strong>Oremns.</strong></span> 
     </span>
    </p>

    <p class='ocr_par' dir='ltr' id='par_1_27' title="bbox 207 4166 1356 4249">
     <span class='ocr_line' id='line_1_44' title="bbox 207 4166 1356 4249; baseline 0.005 -25"><span class='ocrx_word' id='word_1_298' title='bbox 207 4166 318 4226; x_wconf 81' lang='lat' dir='ltr'><strong>Oratio.</strong></span> <span class='ocrx_word' id='word_1_299' title='bbox 360 4167 436 4240; x_wconf 87' lang='lat' dir='ltr'><strong>Tibi,</strong></span> <span class='ocrx_word' id='word_1_300' title='bbox 460 4167 597 4237; x_wconf 85' lang='lat' dir='ltr'><strong>Domine,</strong></span> <span class='ocrx_word' id='word_1_301' title='bbox 619 4168 857 4225; x_wconf 88' lang='lat' dir='ltr'><strong>commendamus</strong></span> <span class='ocrx_word' id='word_1_302' title='bbox 877 4167 1015 4238; x_wconf 83' lang='lat' dir='ltr'><strong>unimam,</strong></span> <span class='ocrx_word' id='word_1_303' title='bbox 1037 4176 1062 4223; x_wconf 81' lang='lat' dir='ltr'><strong>et</strong></span> <span class='ocrx_word' id='word_1_304' title='bbox 1083 4175 1175 4226; x_wconf 86' lang='lat' dir='ltr'><strong>cetera</strong></span> <span class='ocrx_word' id='word_1_305' title='bbox 1196 4179 1231 4227; x_wconf 82' lang='lat' dir='ltr'><strong>ut</strong></span> <span class='ocrx_word' id='word_1_306' title='bbox 1254 4190 1356 4249; x_wconf 74' lang='lat' dir='ltr'><strong>supra,</strong></span> 
     </span>
    </p>
   </div>
   <div class='ocr_carea' id='block_1_5' title="bbox 145 4249 495 4386">
    <p class='ocr_par' dir='ltr' id='par_1_28' title="bbox 145 4249 495 4386">
     <span class='ocr_line' id='line_1_45' title="bbox 145 4249 235 4324; baseline -0.011 -19"><span class='ocrx_word' id='word_1_307' title='bbox 145 4267 173 4324; x_wconf 91' lang='lat' dir='ltr'><strong>p.</strong></span> <span class='ocrx_word' id='word_1_308' title='bbox 189 4249 235 4305; x_wconf 88' lang='lat'><strong>55.</strong></span> 
     </span>
     <span class='ocr_line' id='line_1_46' title="bbox 206 4326 495 4386; baseline 0 -1"><span class='ocrx_word' id='word_1_309' title='bbox 206 4328 340 4385; x_wconf 86' lang='lat' dir='ltr'><strong>Oremus.</strong></span> <span class='ocrx_word' id='word_1_310' title='bbox 385 4326 495 4386; x_wconf 81' lang='lat' dir='ltr'><strong>Oratio.</strong></span> 
     </span>
    </p>
   </div>
   <div class='ocr_carea' id='block_1_6' title="bbox 203 4371 1116 4566">
    <p class='ocr_par' dir='ltr' id='par_1_29' title="bbox 203 4371 1116 4566">
     <span class='ocr_line' id='line_1_47' title="bbox 205 4371 1116 4484; baseline 0.003 -22"><span class='ocrx_word' id='word_1_311' title='bbox 205 4407 441 4464; x_wconf 82' lang='lat' dir='ltr'><strong>Misericordiam</strong></span> <span class='ocrx_word' id='word_1_312' title='bbox 455 4416 547 4479; x_wconf 86' lang='lat' dir='ltr'><strong>tuam,</strong></span> <span class='ocrx_word' id='word_1_313' title='bbox 564 4407 702 4480; x_wconf 89' lang='lat' dir='ltr'><strong>Domine,</strong></span> <span class='ocrx_word' id='word_1_314' title='bbox 717 4416 743 4466; x_wconf 90' lang='lat' dir='ltr'><strong>et</strong></span> <span class='ocrx_word' id='word_1_315' title='bbox 757 4416 848 4466; x_wconf 81' lang='lat' dir='ltr'><strong>cetera</strong></span> <span class='ocrx_word' id='word_1_316' title='bbox 861 4418 1008 4483; x_wconf 77' lang='lat' dir='ltr'><strong>utsupra,</strong></span> <span class='ocrx_word' id='word_1_317' title='bbox 1026 4371 1052 4484; x_wconf 28' lang='lat' dir='ltr'><strong>p..</strong></span> <span class='ocrx_word' id='word_1_318' title='bbox 1070 4409 1116 4465; x_wconf 84' lang='lat'><strong>55.</strong></span> 
     </span>
     <span class='ocr_line' id='line_1_48' title="bbox 203 4486 1043 4566; baseline 0.002 -23"><span class='ocrx_word' id='word_1_319' title='bbox 203 4486 383 4562; x_wconf 66' lang='lat' dir='ltr'><strong>Antiphone.</strong></span> <span class='ocrx_word' id='word_1_320' title='bbox 428 4488 577 4564; x_wconf 69' lang='lat' dir='ltr'><strong>suscipiat</strong></span> <span class='ocrx_word' id='word_1_321' title='bbox 590 4495 629 4560; x_wconf 78' lang='lat' dir='ltr'><strong>te,</strong></span> <span class='ocrx_word' id='word_1_322' title='bbox 644 4496 671 4547; x_wconf 86' lang='lat' dir='ltr'><strong>et</strong></span> <span class='ocrx_word' id='word_1_323' title='bbox 684 4497 775 4547; x_wconf 83' lang='lat' dir='ltr'><strong>cetera</strong></span> <span class='ocrx_word' id='word_1_324' title='bbox 789 4496 823 4546; x_wconf 77' lang='lat' dir='ltr'><strong>ut</strong></span> <span class='ocrx_word' id='word_1_325' title='bbox 837 4509 937 4566; x_wconf 77' lang='lat' dir='ltr'><strong>supro,</strong></span> <span class='ocrx_word' id='word_1_326' title='bbox 954 4509 981 4564; x_wconf 89' lang='lat' dir='ltr'><strong>p.</strong></span> <span class='ocrx_word' id='word_1_327' title='bbox 997 4489 1043 4546; x_wconf 78' lang='lat'><strong>92.</strong></span> 
     </span>
    </p>
   </div>
   <div class='ocr_carea' id='block_1_7' title="bbox 0 0 1516 4966">
    <p class='ocr_par' dir='ltr' id='par_1_30' title="bbox 0 0 1516 4966">
     <span class='ocr_line' id='line_1_49' title="bbox 0 0 1516 4966; baseline 0 2"><span class='ocrx_word' id='word_1_328' title='bbox 0 0 1516 4966; x_wconf 95' lang='lat' dir='ltr'><strong> </strong></span> 
     </span>
    </p>
   </div>
  </div>
 </body>
</html>
