3022 4966
418 315 468 383 Iu
488 314 611 383 smero
631 314 775 385 sabbam
795 314 940 383 Pmclroe.

323 496 386 569 Qui
396 502 501 557 noster
512 499 670 571 Dominus,
685 499 739 576 qui
751 504 822 557 tuus
835 499 942 557 urricus

322 592 425 671 Spiret
437 594 475 655 de
487 596 586 673 pstrio
598 595 686 655 eorde
699 595 890 655 Puruclitum.

545 690 667 753 Chorus.
704 692 857 751 Inventor.

246 784 278 847 V.
320 785 381 847 Per
392 805 483 864 quen
495 786 630 865 splendet
642 789 746 861 honor,
760 789 835 857 inus,
849 788 1004 865 sepientis,

322 886 474 964 Msjestss,
490 886 619 960 bonitus,
633 893 664 945 et
678 886 773 964 pietus
786 892 849 958 tun,

322 981 464 1061 Regnum
475 984 651 1042 contineant
665 982 799 1041 Numine
813 982 933 1058 triplici,

322 1078 441 1139 Texens
453 1080 606 1159 perpetuis
627 1081 734 1139 saeeuls
748 1080 870 1137 suculis.

545 1174 669 1238 Chorus.
705 1176 861 1235 Inventor.

135 1270 308 1333 Benedictio
321 1270 413 1333 osef.

138 1366 305 1441 Diooonus,
333 1378 493 1445 amquam
518 1380 616 1444 euml,
639 1371 767 1447 postulet
794 1370 1017 1430 toedet-ionem
1042 1390 1063 1428 a
1089 1370 1226 1444 Prolato,
1256 1382 1282 1431 et

80 1474 195 1527 muro
207 1465 346 1539 Exultet,
360 1466 472 1543 deserat
484 1466 594 1527 librum
606 1468 734 1526 Praeloto
747 1467 807 1544 (ad
818 1466 1049 1545 esuriendum:

136 1562 268 1623 Exultst
285 1564 351 1641 jem
371 1564 506 1641 engelies
527 1566 618 1623 turbs
639 1564 777 1623 culorum
787 1585 796 1638 ;
817 1564 955 1623 exultent
968 1564 1071 1623 divine
1084 1566 1234 1641 mysterio,
1251 1574 1281 1625 et

81 1678 131 1737 pro
143 1660 227 1721 tonsi
239 1660 320 1739 regis
332 1660 459 1721 victoris
471 1662 546 1721 iube
562 1662 681 1720 intonet
700 1662 847 1719 soluturis.
890 1660 1027 1718 Gaudeat
1040 1680 1071 1719 so
1085 1662 1174 1719 tellus
1188 1664 1281 1719 tantis

80 1754 252 1815 inunum
265 1755 441 1835 fulgoribus,
456 1763 488 1816 et
500 1759 605 1817 oeterni
618 1758 696 1835 regis
709 1758 865 1835 splendore
879 1757 1036 1814 lustratum
1052 1758 1145 1815 totius
1158 1759 1238 1815 orbis
1251 1779 1282 1816 se

82 1854 189 1913 namt
211 1854 346 1913 omisisse
368 1856 533 1933 caliginem.
585 1856 719 1914 Loetetur
742 1862 773 1913 et
795 1861 891 1911 muter
913 1854 1041 1927 ecclesis,
1056 1855 1137 1912 tanti
1160 1855 1282 1914 luminis

82 1950 224 2009 sdornstu
244 1950 419 2029 firlgoribus,
441 1957 474 2011 et
493 1953 609 2029 mugnis
632 1952 809 2029 populorum
830 1952 953 2009 vocibus
974 1951 1036 2009 baeo
1057 1951 1127 2009 sula
1148 1953 1280 2011 resultet.

82 2048 270 2127 Quapropter
289 2048 458 2108 astantibus
484 2050 579 2123 nobis,
601 2050 709 2107 imtres
735 2048 887 2121 carissimi,
911 2048 950 2105 ud
970 2053 1033 2106 term
1056 2049 1163 2106 miram
1187 2051 1282 2107 suncti

81 2142 168 2223 hujus
187 2144 313 2203 luminis
332 2146 509 2219 cleritatem,
525 2166 586 2204 nnn
603 2165 727 2218 mecum,
743 2164 852 2221 qunso,
867 2144 925 2202 Dei
946 2144 1158 2221 omnipotentis
1171 2146 1283 2203 miseri-

81 2242 210 2303 mlism
222 2242 370 2315 inruente,
385 2250 420 2301 ut
433 2243 487 2322 qui
500 2263 548 2303 me
560 2262 622 2301 non
634 2243 709 2300 meis
729 2242 844 2299 meritis
857 2242 938 2298 intru
950 2241 1110 2299 levitarum
1124 2260 1282 2300 numerum

80 2356 237 2419 sategere
248 2340 390 2417 dignetis
399 2347 453 2412 est,
464 2340 586 2398 luminis
599 2340 645 2397 sui
659 2338 756 2415 gustis
769 2338 956 2409 infundente,
967 2339 1043 2396 eerei
1057 2339 1147 2415 hujus
1160 2340 1279 2397 leudem

79 2434 200 2515 implero
212 2436 354 2515 perficiet
397 2437 458 2495 Per
468 2437 631 2496 Dominum
645 2442 780 2492 nostrum
794 2435 816 2493 J
817 2454 900 2493 esum
914 2434 1067 2491 Christum
1081 2435 1193 2493 Filium
1204 2437 1277 2511 ejus,

15 2594 18 2599 ,
81 2530 139 2603 Qui
150 2550 222 2591 enm
234 2550 270 2591 eo
282 2532 362 2590 vivit
374 2539 406 2591 et
418 2539 524 2609 regnet
545 2532 628 2590 Deus
641 2531 673 2587 irr
688 2531 806 2588 unitate
827 2530 957 2607 Spiritus
979 2530 1089 2603 Sancti,
1107 2530 1165 2588 Per·
1179 2532 1279 2588 omnis

81 2626 186 2687 neuls
197 2628 384 2687 soeeulorum.
424 2630 532 2688 Amen.

137 2722 289 2783 Dominus
301 2726 461 2785 vobiscum.
496 2726 538 2783 Et
551 2745 619 2784 eum
632 2724 740 2800 spiritu
756 2734 817 2782 tue.

138 2820 265 2881 Sursum
277 2822 373 2881 eorde.

138 2918 297 2979 Habemus
309 2920 348 2979 od
362 2892 533 2978 Dominum.

138 3014 260 3075 Grotius
272 3036 395 3095 egemus
408 3018 538 3076 Domino
552 3018 618 3076 Deo
631 3024 741 3074 nostro.

139 3110 275 3189 Dignum
288 3121 320 3173 et
332 3122 364 3173 et
372 3116 491 3192 justum
504 3119 557 3173 est.

139 3208 221 3269 vere
239 3212 312 3287 quis.
330 3212 454 3289 dignum
475 3218 506 3271 et
521 3214 639 3287 justum
660 3217 705 3269 est
725 3209 906 3269 invisibilem
928 3210 1027 3269 Deum
1047 3213 1282 3288 omnipotentem

80 3302 208 3379 Putrem,
245 3306 415 3384 Filiumque
455 3310 519 3386 ejus
560 3307 757 3385 unigenitum,
793 3307 958 3366 Dominum
999 3316 1135 3366 nostrum
1175 3311 1196 3367 J
1198 3329 1279 3367 esunr

80 3400 242 3475 Christum,
260 3424 328 3462 eum
352 3404 460 3463 Sancto
485 3406 609 3483 Spiritu,
625 3410 689 3463 toto
710 3406 806 3462 cordis
830 3426 863 3463 ue
888 3406 997 3463 urentis
1020 3406 1128 3462 affectu
1149 3412 1180 3462 et
1200 3406 1281 3461 vocis

78 3500 244 3561 ministerio
263 3521 430 3580 personare,
445 3505 497 3581 qui
510 3524 563 3581 pro
580 3504 665 3561 nobis
686 3508 796 3561 reterno
820 3502 905 3560 Patri
927 3502 1003 3559 Adue
1026 3502 1160 3559 debitum
1179 3502 1278 3574 solvit,

77 3604 108 3657 et
119 3598 233 3657 veteris
245 3599 356 3676 piaculi
376 3603 544 3660 cautionem
563 3601 614 3677 pio
634 3619 737 3658 cruore
757 3599 887 3656 detersit.
931 3598 1007 3656 Htee
1021 3605 1092 3655 sunt
1109 3598 1190 3655 enim
1203 3598 1280 3655 festu

76 3694 233 3771 paschalis,
246 3696 280 3753 in
293 3697 402 3774 quibus
415 3718 503 3757 verus
523 3698 575 3756 illo
593 3717 687 3773 agnus
707 3695 860 3768 occiditur,
876 3694 996 3771 ejusque
1016 3695 1159 3771 sunguine
1180 3700 1280 3772 postes

76 3800 297 3853 monserantur.
339 3793 415 3854 Haee
428 3817 489 3855 nox
503 3803 558 3869 est,
572 3796 604 3852 in
618 3814 678 3873 que
697 3794 826 3870 primurn
846 3798 946 3869 putres
966 3800 1081 3851 nostros
1096 3792 1170 3850 filios
1185 3793 1280 3851 Israel

76 3888 198 3951 eductos
210 3890 248 3951 de
261 3892 396 3971 AEgypto
416 3896 540 3953 rubrum
562 3912 643 3951 mure
665 3893 740 3951 sicco
753 3892 880 3969 vestigio
902 3891 1030 3950 transire
1053 3890 1158 3949 iecisti.
1202 3891 1279 3949 Hree

75 3986 170 4065 igitur
202 4009 265 4047 nox
299 3996 353 4063 est,
388 4011 454 4069 quus
488 3998 675 4068 peecatorum
709 3989 845 4048 tenebris
879 3990 1023 4049 columneo
1057 3989 1278 4047 illuminatione

75 4084 225 4161 purgavit.
268 4085 345 4144 Haee
357 4106 417 4145 nox
427 4094 482 4159 est,
494 4107 559 4163 qum
573 4086 661 4143 hodie
674 4105 727 4161 per
736 4084 909 4143 universum
920 4085 1066 4143 mundum
1079 4086 1112 4143 in
1127 4085 1280 4143 Christum

74 4178 238 4255 unumne,
253 4200 273 4239 s
286 4182 370 4241 vitiis
385 4184 484 4242 soeculi
494 4188 659 4259 segregatos
669 4188 701 4239 et
711 4180 1044 4257 mbgine1meoutomm,
1054 4182 1153 4241 reddit
1165 4182 1280 4258 gratiss,

74 4276 168 4335 societ
194 4278 357 4339 sanctitati.
414 4280 489 4339 Haee
516 4299 577 4338 nox
601 4284 654 4351 est,
680 4279 713 4335 in
741 4297 801 4354 qus
826 4279 987 4338 destruetis
1020 4279 1125 4336 mortis
1152 4280 1282 4337 vinculis

76 4370 217 4435 chuono
228 4374 268 4435 ab
279 4375 384 4435 inseris
397 4377 494 4436 vietor
509 4374 649 4434 escendit.
692 4374 779 4433 Nihil
793 4374 873 4433 enim
886 4374 972 4435 nobis
985 4375 1066 4434 nesci
1079 4374 1205 4452 profuit,
1220 4374 1281 4432 nisi

666 4486 692 4529 Β
