3022 4966
439 358 935 427 Maooauatwanscrcm.
1242 363 1302 426 51·

168 523 252 584 Uodc
265 524 483 584 cotnmuuicous
496 524 635 584 Sacerdos
648 525 803 600 infirmum
816 524 916 583 dicat:

162 604 276 682 Corpus
290 604 414 664 Domini
428 606 522 663 nostri
534 605 557 664 J
558 625 610 663 esu
631 605 744 663 Christi
756 605 905 664 custodiet
914 623 1018 682 eorpus
1031 610 1118 664 tuum
1130 609 1162 664 st
1174 605 1303 665 animum

100 692 185 744 tuum
197 685 230 743 in
243 686 338 743 vitum
351 693 499 744 aeternsm
541 687 653 744 Amen.

161 764 275 825 Deinde
301 767 381 824 dicct
407 765 547 825 Sacerdos
572 766 635 824 sinc
661 765 809 823 Dominus
834 765 986 824 vobiscum
1009 767 1060 825 scd
1092 773 1209 825 1111111111
1235 785 1302 826 cum

101 845 236 916 Orumus,
252 845 420 905 Orottcmm
440 855 601 921 sequentem
613 870 623 905 .·
650 865 716 921 quic
736 865 798 904 octe
821 846 941 905 dicatur
961 847 1023 905 utici
1046 854 1164 904 tontum
1184 845 1303 922 qomodo

100 925 239 1000 infimus
252 926 493 985 omnmuuicctcr.

161 1005 269 1064 Oratio.

159 1085 297 1159 Domine,
319 1092 418 1144 sancte
439 1086 539 1157 Peter,
554 1085 742 1163 omnipotens
762 1091 872 1145 uterne
893 1086 986 1158 Deus,
1006 1092 1038 1144 te
1057 1085 1185 1145 fideliter
1203 1087 1303 1166 depre

97 1183 207 1236 oumur,
222 1175 248 1224 st
262 1175 352 1225 cetero
365 1175 513 1242 utsupra,
527 1186 555 1243 p.
571 1167 619 1225 52.

158 1245 271 1383 gciudc
284 1256 423 1322 sequutus
435 1247 582 1306 Psoimue.
626 1246 730 1304 Leuds
743 1246 843 1305 snimu
855 1265 921 1306 mes
935 1246 1101 1306 Dominum
1113 1245 1221 1327 (wic.)

189 1326 263 1384 loris
277 1328 370 1386 Patri.

161 1405 321 1482 Qucfinito
334 1408 415 1466 dicat
428 1407 586 1469 Sacerdos:
606 1409 740 1467 Orsmus
784 1407 893 1466 Oratio.

160 1486 251 1557 Deus,
266 1489 319 1565 qui
331 1495 504 1565 peccatores,
519 1498 546 1547 ct
559 1498 651 1548 cctcro
662 1498 697 1547 ut
710 1508 811 1564 supro,
826 1508 853 1565 p.
870 1488 917 1546 52.

159 1565 273 1626 Dcicccic
286 1568 432 1627 benedicat
446 1568 586 1629 Sacerdos
597 1570 752 1645 infimum
765 1569 863 1627 diceus
875 1569 917 1627 sic
925 1592 935 1628 :

159 1645 322 1784 {enedicat
334 1647 375 1728 ›1‹
385 1654 416 1707 tc
429 1650 528 1721 Potes,
543 1651 596 1726 qui
609 1652 642 1708 in
656 1649 802 1727 principio
815 1655 921 1708 cuncte
934 1648 1053 1708 creavit

188 1748 243 1805 cop.
286 1731 394 1786 Amen.
702 1782 704 1786 ,

157 1807 199 1865 Et
211 1809 253 1868 sic
264 1810 474 1885 respondeatur·
487 1810 528 1866 od
537 1809 670 1884 stupidae
683 1808 888 1868 benedictiones
896 1832 906 1867 :

158 1887 250 1947 Ssnet
264 1895 295 1946 te
309 1889 369 1946 Dei
383 1888 486 1945 Filius.
528 1888 638 1946 Amen.

159 1967 316 2026 Illuminet
328 1974 360 2026 te
374 1967 504 2044 Spiritus
518 1968 652 2026 Sanctus.
695 1967 803 2024 Amen

159 2045 274 2123 Corpus
287 2056 374 2104 tuum
387 2047 543 2104 custodiet.
584 2046 693 2107 Amen.

159 2126 304 2184 Animum
317 2133 402 2183 tuam
416 2127 518 2184 salvet.
560 2126 669 2184 Arnon.

161 2205 283 2263 Sensum
307 2213 394 2262 tuum
415 2206 534 2282 dirigat,
548 2212 580 2263 et
600 2206 639 2264 ad
661 2223 821 2282 supernum
840 2203 968 2281 putrium
987 2210 1020 2263 te
1038 2203 1188 2280 perducat,
1202 2205 1300 2280 quiin

100 2281 247 2421 ffimw
259 2285 389 2362 perfecto
402 2285 480 2343 vivit
495 2291 526 2343 et
538 2291 643 2364 regnet
659 2285 750 2343 Deus
796 2284 856 2342 Per
875 2284 974 2342 omniu
992 2283 1099 2343 sseculs
1118 2283 1297 2344 seculorum.

163 2383 208 2423 en.

158 2444 231 2503 Atia
243 2444 407 2505 bntcdictio.

158 2523 362 2605 Bene>1<dicut
375 2531 405 2582 te
419 2525 502 2583 Deus
516 2524 588 2583 eseli.
630 2524 740 2582 Amen.

158 2605 295 2682 Adjuvet
308 2613 339 2664 ts
353 2605 490 2664 Christus
502 2605 600 2663 Filius
613 2605 684 2664 Dei.
723 2604 832 2663 Amen

158 2685 273 2764 Corpus
292 2693 380 2744 tuum
399 2685 433 2743 in
453 2704 506 2744 suo
528 2690 630 2745 sancto
653 2684 776 2744 servitio
800 2683 943 2744 custodiri
965 2690 997 2744 et
1016 2685 1183 2745 conservari
1200 2684 1296 2745 facist

97 2765 206 2826 Amen.

157 2847 293 2906 Mentem
305 2853 390 2906 tuum
404 2846 559 2904 illuminet
602 2846 711 2906 Amen

157 2927 282 2987 Sensum
294 2934 382 2987 tuum
395 2927 550 2986 custodiat.
592 2927 701 2988 Arnen.

157 3007 293 3066 Gratiam
306 3027 390 3065 susm
403 3008 442 3066 ud
455 3007 619 3083 profectum
632 3008 739 3067 anisnis
753 3013 813 3067 tuus
827 3008 860 3065 in
873 3012 904 3067 te
917 3014 1031 3088 augeat
1074 3007 1182 3070 Amen.

155 3087 207 3146 Ab
220 3088 303 3146 omni
315 3087 394 3146 mslo
407 3094 438 3145 te
451 3088 566 3147 liberet.
608 3088 716 3148 Amen.

158 3167 267 3226 Omnis
280 3174 400 3245 peccato
412 3175 466 3226 tuo
476 3168 580 3227 deleat
622 3169 729 3227 Arnen.

158 3247 292 3307 Dextera
303 3268 358 3307 sus
370 3255 401 3305 te
414 3249 562 3307 desendet.
603 3248 711 3307 Amen

159 3329 219 3398 Qui
245 3335 361 3386 sanctos
382 3348 450 3387 suos
473 3348 589 3405 sempor
611 3328 743 3404 adjuvat,
765 3328 829 3402 ipse
852 3334 883 3384 te
907 3327 1048 3403 adjuvere
1071 3333 1103 3386 et
1123 3347 1296 3388 conservare

97 3407 243 3486 dignetur.
276 3409 337 3479 Qui
345 3409 424 3466 vivit
433 3414 464 3466 et
473 3414 579 3485 regnat
590 3406 672 3465 Deus
682 3424 735 3483 per
744 3406 844 3463 omnia
853 3407 960 3464 saeouls
969 3407 1150 3465 saeoulorum.
1185 3409 1294 3467 Amen.

157 3488 230 3547 Alio
242 3488 415 3548 Benedictio.

158 3568 240 3627 Bone
289 3569 369 3627 dicet
381 3576 413 3626 te
426 3569 508 3627 Deus
521 3568 621 3638 Potor,
634 3565 688 3642 qui
700 3565 733 3622 in
746 3564 892 3641 principio
904 3571 1011 3622 cuncto
1023 3566 1144 3623 creavit
1186 3567 1294 3624 Amen.

157 3649 239 3707 Bene
289 3651 368 3708 diost
381 3656 411 3707 te
425 3650 484 3707 Dei
497 3648 600 3720 Filius,
616 3645 669 3722 qui
682 3646 719 3703 de
738 3644 873 3721 supernis
886 3645 1004 3702 sedibus
1017 3645 1169 3721 pronubis
1183 3645 1296 3704 salvan

96 3728 143 3787 dis
156 3729 314 3802 descendit,
330 3736 361 3788 et
374 3748 489 3787 crucem
502 3728 600 3786 subire
613 3745 674 3784 non
687 3724 842 3784 recusavit
884 3725 993 3781 Amen.

158 3809 367 3890 Beneffldioat
388 3817 419 3868 te
441 3809 570 3886 Spiritus
592 3807 727 3879 Sanctus,
751 3805 858 3882 quiin
880 3803 1075 3862 similitudine
1098 3803 1241 3864 columboe
1263 3806 1297 3863 in

97 3889 219 3948 flumine
232 3890 253 3947 J
255 3890 373 3948 ordonio
387 3890 419 3946 in
434 3889 553 3947 Christo
566 3887 721 3964 requievit
763 3886 871 3944 Amen.

158 3970 285 4047 Ipseque
305 3977 336 4027 ts
358 3971 390 4027 in
414 3969 562 4027 Trinitste
584 3968 756 4040 sanctificet,
777 3985 866 4044 quem
887 3983 988 4024 omnes
1010 3970 1113 4043 gentos
1135 3973 1296 4025 venturum

97 4056 257 4126 expectant
276 4049 313 4108 ud
331 4049 485 4126 judicium.
529 4048 590 4118 Qui
610 4067 677 4106 oum
697 4049 762 4106 Deo
776 4047 868 4105 Putre
882 4053 913 4104 et
925 4046 1027 4104 eodem
1043 4046 1158 4124 Spiritu
1178 4046 1294 4106 Sancto.

97 4129 205 4189 Amen.

164 4208 180 4238 ἦ
200 4209 303 4268 Finito
316 4211 367 4269 licc
385 4211 474 4285 officio
492 4210 689 4268 convenienter
702 4210 761 4268 dici
769 4217 905 4285 poteraut
918 4207 955 4266 ab
968 4207 1087 4282 infirmo
1100 4208 1252 4284 lanquentc
1265 4209 1300 4267 in

104 4291 246 4360 extrem,
274 4291 301 4348 si
322 4291 447 4367 placeat,
474 4289 625 4349 Oratimtcs
651 4299 794 4366 sequentes
821 4289 866 4348 cel
890 4308 989 4347 cocum
1014 4288 1140 4364 alipius:
1169 4288 1298 4349 videlicet

422 4456 439 4490 0
460 4453 523 4510 The
538 4454 603 4515 MS.
620 4455 710 4514 omits
723 4455 784 4513 this
796 4454 969 4532 paragraph.
