3022 4966
237 333 297 393 18·
589 327 756 394 Mariuale
771 329 1090 396 adusumSarum.

298 496 381 554 Tunc
401 498 555 572 interropet
576 494 717 554 Sacerdos
738 495 837 554 borona
858 495 1012 554 diaeresin
1035 495 1141 572 linqua
1161 505 1298 557 mammea
1319 500 1375 558 sub
1398 500 1456 559 hac

227 574 353 649 forma:
1082 586 1086 593 '

297 657 372 715 Ecce
396 656 588 714 convenimus
610 656 677 728 huc,
699 656 814 727 traua,
836 676 934 713 coram
958 655 1023 714 Deo
1050 662 1082 716 et
1109 656 1222 734 angelis
1248 664 1280 717 et
1307 660 1456 718 omnibus

235 737 345 794 sanctis
369 739 440 813 ejus,
461 738 493 794 in
517 737 591 795 secie
612 737 759 809 Ecclesiae,
782 737 819 794 sd
839 737 1079 814 conjungendum
1101 738 1160 796 duo
1182 758 1314 816 corpore,
1335 741 1455 799 scilicet

235 816 325 892 hujus
348 819 406 874 riri
428 825 458 875 et
480 819 569 893 hujus
590 817 732 889 mulieris
752 816 813 875 Hic
834 817 970 893 rapicaat
991 817 1132 877 Sacerdos
1147 839 1290 895 parocias
1312 841 1395 891 suas,
1418 830 1455 879 ut

235 897 341 954 amodo
355 898 415 954 sint
436 919 496 956 una
509 918 576 956 caro
591 906 621 955 ct
635 898 700 955 duae
718 897 824 954 animae
844 897 876 953 in
897 897 955 956 fide
972 904 1003 956 et
1017 899 1049 956 in
1062 899 1127 975 lege
1140 898 1207 971 Dei,
1221 899 1259 957 ad
1276 919 1454 977 promeren-

235 977 303 1034 dam
318 978 407 1035 simul
421 979 514 1035 vitam
529 985 680 1050 aeternnm,
692 977 837 1054 quidquid
851 984 921 1035 autc
935 977 990 1036 hoc
1003 979 1135 1037 iecerint
1178 980 1339 1038 Admoneo
1353 983 1453 1057 igitur

235 1077 287 1114 vos
298 1079 408 1130 omnes,
421 1066 456 1116 ut
467 1060 570 1135 siquis
581 1066 625 1116 est
636 1079 674 1116 ex
688 1059 772 1115 vobis
782 1059 834 1135 qui
845 1058 959 1135 aliquid
970 1058 1066 1116 dicere
1076 1060 1150 1117 sciet
1164 1079 1255 1136 quare
1268 1060 1321 1118 isti
1335 1062 1452 1122 adoles-

235 1144 334 1196 centes
348 1139 480 1215 legitime
493 1139 666 1197 contrahere
680 1158 740 1196 non
755 1139 878 1214 possint,
893 1139 981 1196 modo
994 1140 1178 1198 confiteatur.

296 1217 411 1277 liudem
431 1219 593 1279 admonitio
605 1223 665 1295 fiat
685 1219 728 1278 ad
745 1220 844 1277 einim
863 1229 890 1277 et
910 1221 951 1278 ad
971 1220 1130 1293 mulierem,
1144 1229 1179 1278 ut
1198 1220 1227 1280 si
1246 1222 1321 1297 quid
1335 1222 1373 1281 ab
1386 1223 1451 1282 illis

235 1299 340 1357 occulte
360 1308 460 1357 aetum
470 1300 579 1374 fuerit,
594 1300 639 1358 uel
657 1300 684 1358 si
704 1300 778 1374 quid
798 1299 968 1374 devoverint,
984 1300 1029 1358 cel
1040 1300 1099 1358 alio
1120 1302 1205 1359 niodo
1218 1300 1253 1360 dc
1267 1323 1296 1360 se
1308 1304 1449 1361 noser-int

235 1400 326 1454 qnare
341 1379 465 1454 lepitime
479 1380 643 1438 contrahere
659 1401 720 1439 raon
737 1380 858 1456 possint,
877 1390 946 1438 tuno
962 1384 1162 1456 corfiteantur.
1205 1381 1241 1438 Si
1254 1403 1319 1441 iero
1333 1383 1449 1458 clipeis

234 1459 474 1535 impedimentum
501 1461 623 1535 aliquod
641 1479 800 1536 proponere
822 1460 953 1531 volucrit,
975 1470 1001 1518 et
1028 1462 1070 1518 ad
1095 1461 1147 1520 hcc
1164 1462 1356 1538 probandum
1378 1485 1449 1522 carr-

235 1540 342 1598 tionem
350 1541 529 1616 prostiterit,
545 1539 722 1615 drfferantur
738 1541 887 1616 sponsalia
907 1562 1054 1617 quousque
1067 1542 1112 1600 rei
1124 1542 1231 1600 ceritas
1244 1553 1445 1618 copuoscatur.

233 1621 270 1679 Si
300 1640 364 1679 aero
391 1621 494 1678 reniteas
516 1621 756 1697 impedimentum
778 1641 939 1697 proponere
969 1621 1101 1693 uoluerit,
1122 1622 1276 1698 imerropet
1301 1623 1448 1684 Sacerdos

234 1701 328 1758 dotem
347 1702 488 1773 mulieris,
503 1701 633 1761 uidelicet
646 1702 752 1759 arrhas
765 1702 931 1778 ponteclem·
954 1712 980 1759 et
998 1703 1142 1760 dicuntur
1159 1703 1256 1761 arrhae
1276 1705 1449 1764 averruncet

231 1781 359 1856 pecunia
379 1783 422 1839 ael
435 1782 503 1839 alico
516 1803 561 1840 res
582 1781 689 1840 danda
710 1803 820 1859 spuma
834 1801 889 1858 per
902 1803 1040 1858 sponsum
1050 1807 1060 1842 ,·
1080 1804 1145 1859 qua
1158 1784 1240 1842 datio
1253 1785 1446 1846 subarrhatio

234 1861 353 1932 dicitur,
364 1863 513 1938 praecipue
527 1871 590 1920 tum
603 1863 722 1938 quando
728 1867 769 1938 fit
777 1883 834 1939 per
846 1862 955 1920 araneeli
968 1863 1135 1925 datimrcrn:
1156 1873 1182 1922 et
1196 1873 1266 1923 tunc
1279 1866 1447 1941 culpariter

235 1943 416 2019 desponsatio
430 1952 556 2001 uocatur.
1164 1959 1168 1969 ·

295 2023 366 2081 Non
383 2024 492 2098 fldabit
516 2024 657 2081 Sacerdos
680 2043 732 2081 nec
756 2024 909 2081 consentiet
926 2025 967 2080 ad
986 2025 1162 2098 fidationem
1189 2024 1266 2082 inter
1288 2025 1391 2084 uirum
1417 2039 1444 2085 et

234 2103 384 2163 moliorem
405 2114 472 2162 ante
493 2105 610 2162 tertium
630 2105 742 2162 dictum
763 2104 935 2162 barenorum.
979 2105 1067 2163 Debet
1087 2105 1165 2163 enim
1184 2105 1324 2164 Sacerdos
1340 2107 1446 2165 mana

234 2185 268 2242 in
280 2185 363 2258 sacia
388 2185 520 2243 Ecclesiae
540 2184 624 2260 infra
644 2185 801 2242 missarum
819 2183 977 2256 sollemnia,
992 2205 1059 2243 cunr
1072 2185 1167 2261 rreajor
1183 2186 1290 2262 populi
1309 2186 1447 2262 adficerit

234 2263 401 2337 aracellitudo,
415 2286 470 2341 per
491 2274 547 2323 tres
560 2266 621 2323 dics
641 2264 787 2322 sollemnes
807 2272 832 2321 et
853 2264 1025 2339 dispunctas,
1041 2266 1237 2342 iuterropare:
1257 2267 1303 2324 ita
1316 2277 1351 2324 nt
1365 2268 1446 2326 inter

234 2366 469 2421 rrreurnqaemqae
483 2347 560 2404 diem
573 2345 737 2404 sollemnem
751 2345 836 2403 caelest
849 2344 891 2402 ad
903 2346 1004 2403 atinus
1016 2366 1080 2403 una
1092 2347 1154 2404 dies
1161 2346 1292 2420 ferielis.

295 2427 383 2484 Debet
405 2427 492 2484 etiam
514 2425 653 2485 Sacerdos
675 2425 832 2483 tenninum
851 2429 1000 2500 prafiqere
1021 2435 1227 2502 competentem,
1249 2426 1336 2503 infra
1356 2450 1445 2504 quern

233 2506 287 2580 qui
307 2507 428 2564 coluerit
447 2517 473 2564 et
494 2507 618 2565 evaluerit
639 2505 800 2582 lepitimum
821 2515 947 2581 opposuit
969 2506 1223 2582 impedimentum:
1243 2516 1269 2565 et
1288 2509 1316 2566 si
1329 2520 1443 2569 contra·

233 2586 329 2644 heretcs
340 2589 522 2644 diuersarum
533 2589 593 2644 sint
598 2587 818 2662 parochiarum,
831 2596 900 2644 tum
911 2586 945 2644 in
955 2596 1078 2662 utraque
1089 2587 1218 2645 Ecclesia
1227 2588 1444 2662 parochiarum

236 2666 356 2723 illarum
371 2677 439 2723 sceret
454 2669 552 2724 barsena
568 2667 781 2741 interropemda.

277 2747 329 2803 Si
349 2757 447 2803 arietem
467 2749 559 2804 'tertius
581 2757 606 2803 et
628 2748 753 2822 ejusrlcm
775 2748 835 2804 sint
853 2747 1009 2822 parochiae,
1029 2757 1098 2806 ram
1120 2757 1233 2806 taratrum
1255 2747 1288 2805 in
1309 2750 1443 2810 Ecclesia

233 2826 316 2881 illins
339 2828 486 2900 parrochia
514 2829 612 2884 betuna
638 2829 857 2901 iuterropentar.
911 2828 1051 2886 Sacerdos
1078 2850 1142 2886 rero
1166 2830 1218 2904 qui
1245 2834 1445 2890 contractibus

234 2906 500 2963 srrtcrtrimmeierlibas
523 2917 590 2963 strete
615 2908 725 2963 trinam
752 2909 914 2965 sollemnem
939 2910 1192 2983 interropationem
1211 2911 1387 2984 banrecrum,
1409 2925 1444 2970 nt

230 2985 405 3058 pradictum
423 2996 470 3057 est,
482 2989 700 3061 preesmnpsnit
721 2989 862 3060 interesse,
879 3010 997 3064 punam
1018 2991 1213 3065 sirspcnsionis
1230 2991 1266 3046 ab
1285 2992 1377 3063 officio
1387 3016 1444 3068 per

235 3065 395 3122 triennium
410 3067 544 3123 incurrit.

294 3145 438 3203 Similiter
451 3149 588 3205 Sacerdos
596 3147 777 3223 parochialis
787 3151 840 3223 qui
853 3150 1045 3206 frrratrimonia
1058 3151 1238 3208 circadestina
1251 3151 1285 3208 in
1293 3155 1408 3225 paroch
1415 3156 1444 3213 ia

234 3245 290 3283 sira
305 3227 456 3302 prohibere
478 3229 684 3304 contempserit,
707 3229 743 3286 ab
765 3230 856 3304 officio
875 3251 928 3306 per
951 3232 1113 3290 trienninm
1132 3231 1209 3289 debet
1230 3233 1395 3306 suspendi,·
1418 3247 1445 3293 ct

231 3308 353 3382 {praeires
367 3319 406 3367 cst
415 3309 598 3385 premendas,
614 3311 641 3367 si
655 3309 745 3384 culpes
759 3310 888 3384 qualitas
902 3312 935 3367 id
951 3312 1091 3386 requirat.
1134 3311 1330 3369 Prohibentnr
1340 3325 1443 3372 autem.

234 3389 413 3448 claredestina
427 3392 619 3448 orrutrimonia
633 3391 745 3466 duplici
758 3391 871 3448 ratione
881 3413 894 3460 ,·
915 3392 1051 3462 uidelicet,
1068 3413 1104 3450 ne
1124 3393 1177 3450 sub
1190 3413 1238 3468 spe
1252 3395 1444 3453 matrimonii

234 3472 623 3547 committaturpernuntio:
645 3482 670 3529 ct
688 3492 723 3529 ne
741 3472 997 3528 erratrimonialiter
1017 3473 1164 3548 conjrmcti
1184 3473 1291 3547 irp‘uste
1304 3494 1443 3550 separen-

234 3560 290 3608 tur.
334 3552 414 3627 Sapo
428 3554 505 3611 enim
519 3554 552 3609 in
565 3553 754 3610 erratrimonio
768 3552 875 3611 occulto
890 3553 963 3610 alter
972 3554 1127 3628 conjnpum
1136 3562 1231 3611 mactat
1240 3556 1441 3629 propositum,

233 3641 258 3687 ct
273 3634 396 3690 diruittit
410 3635 557 3709 reliquium
566 3633 790 3709 probationibus
800 3634 971 3691 destitutum
980 3642 1005 3690 et
1015 3635 1077 3691 sine
1086 3634 1210 3692 remedio
1224 3635 1422 3695 restitutionis
1433 3664 1442 3696 .-

232 3721 257 3769 ct
273 3713 335 3771 ideo
344 3714 517 3788 prohibeant
531 3714 697 3772 Sacerdotes
701 3713 872 3788 frequenter
877 3714 1073 3788 parochianos
1080 3734 1147 3772 suos
1156 3733 1191 3771 ne
1201 3716 1268 3772 dent
1283 3715 1441 3790 sibifidem

232 3795 408 3864 attenuasset
427 3816 525 3852 coram
541 3795 668 3870 publicis
687 3804 712 3851 et
733 3794 857 3852 hermetis
865 3795 998 3869 personis
1018 3796 1123 3853 adhoc
1137 3795 1307 3853 conutitutis.
1355 3797 1442 3866 Quis-

232 3874 299 3945 quis
313 3875 401 3930 ctierm
421 3875 561 3933 Sacerdos
579 3896 628 3933 seu
650 3875 799 3932 serenioris
819 3895 869 3932 sea
889 3874 1033 3949 repuleris
1046 3877 1178 3946 extiterit,
1195 3877 1248 3950 qni
1260 3876 1442 3935 sollemniza-

230 3954 337 4011 tionem
359 3955 542 4012 nemrimonii
566 3965 647 4013 entra
669 3956 826 4013 Ecclesiaste
843 3954 1041 4029 parochialem
1063 3958 1107 4014 acl
1125 3956 1265 4031 capellam
1289 3957 1441 4017 habentem

223 4034 300 4106 ,itera
309 4035 457 4109 parochia
477 4036 532 4092 sibi
549 4036 585 4093 ab
605 4036 728 4110 antiquo
749 4037 945 4111 competentia,
961 4037 1067 4111 absque
1081 4037 1236 4094 diaecesani
1249 4037 1303 4094 loci
1318 4038 1440 4096 licentia

231 4116 347 4186 speciali
375 4117 509 4173 celebrare
528 4117 747 4191 peresurnpserit
769 4126 822 4173 ant
843 4116 1024 4175 celebrationi
1041 4118 1181 4187 interesse,
1203 4118 1265 4193 ipso
1278 4117 1366 4192 sacto
1385 4140 1442 4194 per

230 4213 345 4252 rrrrrmm
359 4197 504 4270 inteprum
518 4196 554 4253 ab
568 4197 656 4269 officio
670 4206 710 4254 est
724 4216 886 4272 serspeusus.

291 4277 394 4333 Postea
408 4278 487 4334 dicat
502 4276 640 4335 Sacerdos
652 4278 694 4334 acl
706 4277 805 4335 uirum
818 4277 930 4336 cunctis
938 4277 1125 4336 audientibus
1138 4279 1172 4336 in
1186 4278 1289 4353 linqua
1301 4288 1439 4338 erraterna

229 4370 289 4408 sic·

290 4433 340 4504 N,
356 4435 413 4493 Vis
427 4436 534 4495 habere
548 4436 625 4493 hanc
639 4436 792 4497 mulierem
807 4439 839 4496 iu
852 4458 997 4516 sponsam,
1009 4446 1040 4498 et
1054 4459 1119 4498 eam
1133 4440 1263 4517 diligete,
1279 4439 1438 4515 honorare,
