3022 4966
497 342 548 409 Iu
565 343 630 409 Die
650 344 851 411 Paeuecores.
1212 351 1274 415 109

69 546 157 587 omns
168 526 284 587 snimol
296 525 520 599 benediction03
539 527 663 585 benedic
676 531 708 585 et
720 527 871 585 sanctifice
891 528 966 587 bunc
984 535 1150 588 creaturam
1163 530 1233 589 selis
1245 537 1276 588 et

69 624 174 699 urnis,
188 628 226 683 ut
246 624 334 683 nobis
355 622 435 681 dona
451 627 505 681 tus
525 624 709 683 sumentibus
731 625 837 683 snimae
851 632 881 683 et
895 626 1025 703 corporis
1042 628 1200 685 sanitatem
1212 646 1278 704 pro

70 722 163 801 pitius
176 720 331 781 concedes.
372 719 433 779 Pes
445 719 610 777 Dominum
623 728 760 778 nostrum
774 720 796 779 J
797 741 879 779 ceum
894 721 1056 781 Christum.

235 930 427 989 Bmmcrro
447 930 723 992 Essenosuussuu
743 950 802 992 ruo
822 950 937 993 sununs
957 936 1114 995 V1vonun.

130 1060 333 1137 Omnipotens
366 1061 543 1137 sempiterne
577 1060 668 1133 Deus,
696 1069 812 1121 creator
840 1064 973 1121 omnium
1007 1066 1217 1125 elementorum
1246 1074 1277 1125 et

70 1158 277 1232 minatio,
287 1159 341 1236 qui
352 1178 384 1217 es
397 1158 530 1217 Trinitas
543 1166 575 1218 et
588 1160 709 1232 Unitss‚
722 1180 876 1237 precemur
888 1170 927 1232 te,
938 1162 1163 1222 clementissime
1177 1163 1275 1237 Peter,

69 1254 309 1331 utslsemosyns
331 1254 389 1312 ists
412 1274 466 1332 per
488 1255 719 1313 misericordiam
740 1262 823 1313 tunm
843 1262 963 1334 accepts.
977 1258 1033 1316 tibi
1047 1259 1088 1317 sit
1100 1280 1154 1337 pro
1167 1260 1277 1318 famulo

72 1358 127 1411 tuo
138 1350 193 1423 N„
203 1356 237 1409 et
246 1351 289 1409 sit
300 1350 466 1409 benedictio
480 1357 534 1410 tus
547 1371 635 1428 super
656 1351 718 1409 haec
733 1352 833 1410 onmis
846 1353 923 1411 dous
937 1360 998 1412 tuo.
1042 1354 1100 1414 Per
1114 1355 1277 1413 Dominum

72 1454 220 1506 nostrum.

288 1574 480 1636 Bennoscmo
500 1577 777 1636 Emsuosrrsnuu
798 1594 855 1636 rso
876 1578 1062 1638 Derun'crrs.

134 1702 322 1763 Abscondite
334 1703 557 1781 eleemosynam.

136 1800 237 1877 Kyrie
249 1799 376 1877 eleyson.
420 1799 537 1858 Christe
551 1800 677 1877 eleyson.
721 1801 818 1878 Kyrio
832 1802 957 1879 eleyson.

136 1896 230 1955 Peter
242 1901 350 1955 noster.
394 1896 435 1953 Et
449 1915 487 1954 ne
500 1915 561 1955 nos.

136 1994 286 2071 Requiem
299 2000 455 2073 eternam

136 2092 170 2151 A
183 2096 272 2169 poris
283 2090 379 2149 inferi.

137 2182 236 2243 Credo
247 2181 348 2241 videre
361 2183 447 2241 bono.

137 2278 270 2337 Domine
283 2278 399 2337 exandi

138 2374 288 2435 Dominus
300 2374 460 2433 vobiscum.
502 2373 624 2431 Etcum
638 2372 747 2449 spiritu
761 2379 823 2431 tuo.

138 2470 273 2529 omnus
317 2468 427 2529 Oratio.

138 2566 291 2645 Deprecor
302 2572 342 2639 te,
357 2566 486 2625 Domine
500 2566 583 2624 Deus
602 2567 797 2644 omnipotens,
812 2573 848 2624 ut
865 2566 952 2624 istem
966 2566 1180 2643 eleemosynam
1194 2566 1280 2624 bene

76 2666 176 2727 dicore
189 2670 222 2724 et
234 2662 417 2723 sanctificare
431 2664 560 2740 digneris
573 2683 627 2741 pro
640 2664 740 2721 anime
748 2664 853 2721 famuli
866 2664 913 2721 tui
926 2664 966 2722 N.
983 2671 1018 2721 ut
1031 2663 1125 2721 vitem
1139 2669 1279 2722 oetemam

77 2760 188 2823 bebere
200 2766 349 2819 merentur
362 2760 395 2817 in
408 2760 494 2819 coelis.
536 2761 595 2818 Per
609 2759 773 2817 Dominum
786 2765 927 2819 nostrum.

141 2856 254 2917 Oratio.

139 2954 234 3029 Deus,
247 2954 301 3032 qui
313 2954 564 3030 eleemosynarum
578 2954 788 3011 distributione
807 2954 933 3012 docuisti
951 2962 1070 3032 peccatu
1083 2956 1189 3030 delere,
1204 2956 1281 3013 bunc

77 3052 294 3129 eleemosymm
317 3069 371 3127 pro
394 3050 494 3109 ssumu
515 3049 620 3106 famuli
637 3049 684 3106 tui
705 3048 743 3107 N.
766 3051 890 3127 suscipe,
905 3058 936 3109 et
955 3052 1030 3110 lucis
1049 3053 1077 3110 ci
1098 3052 1235 3112 laetitism
1248 3053 1282 3108 in

77 3150 200 3229 regione
212 3154 382 3207 sanctorum
395 3154 517 3207 tuorum
530 3148 670 3205 societate
683 3148 816 3205 concede.
860 3148 918 3206 Per
932 3149 1104 3208 Dominum.

516 3350 555 3408 Iu
577 3351 641 3409 Dm
662 3350 888 3410 Humentes*

138 3500 183 3561 Io
194 3498 243 3561 die
255 3500 428 3560 Poroscoues
440 3500 500 3557 <tuo
515 3498 678 3575 Presbyteri
691 3500 783 3557 tendis
792 3495 926 3574 [necibus
938 3497 1020 3555 cruci
1032 3497 1134 3555 discut
1146 3521 1155 3555 .·

143 3598 262 3677 Popule
274 3618 367 3671 meus,
383 3597 455 3675 quid
468 3595 525 3654 feci
538 3595 596 3653 tibi
609 3601 662 3652 sut
676 3596 708 3652 in
721 3614 780 3671 quo
794 3593 969 3651 contristavi
981 3597 1021 3663 te,
1035 3592 1177 3667 responde
1190 3590 1263 3647 mibi
1276 3611 1285 3663 ;

80 3696 157 3773 quis
169 3694 264 3755 eduxi
275 3701 308 3753 te
320 3695 353 3751 in
366 3695 403 3751 do
416 3702 498 3751 tenu
511 3692 648 3769 AEgypti,
662 3692 773 3767 perusti
786 3710 902 3749 crucem
915 3687 1055 3747 salvatori
1067 3692 1128 3746 tuo.

142 3790 220 3850 Duo
231 3789 389 3862 Diocooi†
404 3790 438 3848 iu
450 3790 534 3848 Albis
547 3788 771 3864 semispedibus
785 3789 818 3845 iu
831 3786 923 3845 suedie
939 3784 1026 3844 Obori
1039 3781 1230 3859 respondeant
1243 3790 1286 3840 ter

70 3892 222 3971 flectendo
231 3908 330 3967 peona
339 3913 350 3948 .·

142 3989 240 4067 Agios
253 3986 281 4047 Ο
295 3986 401 4059 Theos,
418 3985 512 4063 Agios
531 3984 663 4063 Iskyros,
678 3984 772 4063 Agios
785 3979 964 4051 Athonotos,
980 3978 1098 4055 eleyson
1111 3996 1202 4054 ymas.

144 4084 264 4147 oms
277 4084 468 4161 terflecteudo
481 4085 580 4144 dicut:

143 4182 276 4242 Smctus
289 4183 380 4255 Deus,
392 4187 511 4241 sanctus
524 4179 620 4249 tortis,
635 4184 754 4236 sanctus
767 4184 798 4236 ct
811 4175 996 4248 immortalis,
1011 4175 1149 4233 miserere
1162 4172 1253 4231 nobis.

234 4336 248 4363 ⁸
264 4334 319 4380 The
328 4333 400 4380 Plsin
410 4333 491 4379 Obunt
501 4330 527 4376 oi
536 4329 588 4376 tbis
599 4328 674 4375 Offico
684 4330 735 4375 will
745 4331 774 4375 bo
785 4328 862 4375 found
871 4329 898 4373 in
909 4329 950 4375 tbe
960 4328 1136 4376 Processicnsl.

233 4418 249 4479 f
263 4417 304 4463 Sir
312 4416 336 4464 J.
348 4416 474 4464 ansou’s
482 4416 581 4463 MS.-“
588 4418 641 4464 Dur
651 4413 782 4474 Presbyteri
791 4412 827 4460 vel
835 4411 956 4461 viceour
