3022 4966
161 377 203 442 62
537 367 713 457 saepia
735 369 990 457 Desurwtorum.

220 554 402 631 Antiphone.

159 656 701 788 Q

252 819 285 877 Si
322 817 640 893 in-i-qui·ta-tes.

220 946 509 1025 Paolmuestmiae.)
914 944 1304 1006 E-v-o-V-A-la

219 1047 268 1105 De
282 1045 436 1122 profundis
449 1044 576 1103 clamavi
589 1043 627 1101 ad
641 1049 680 1116 te,
695 1042 843 1103 Domine:
865 1043 1003 1117 Domine,
1018 1044 1127 1102 cnudi
1145 1063 1247 1103 vocem
1260 1064 1364 1105 meam

220 1144 312 1204 Fiant
324 1164 410 1201 aures
424 1149 483 1200 tuae
497 1142 695 1214 intendentes,
708 1141 742 1199 in
756 1161 858 1201 vocem
871 1140 1086 1218 deprecationis
1099 1135 1181 1199 meae.

219 1241 254 1300 Si
267 1241 442 1318 iniquitates
456 1238 668 1311 observaveris,
683 1237 811 1296 Domine
825 1259 833 1297 ι
854 1237 991 1308 Domine,
1005 1238 1072 1315 quia
1086 1238 1254 1297 sustinebit.

220 1338 299 1410 Quia
320 1337 400 1415 apud
423 1342 454 1394 te
475 1335 648 1413 propitiatio
669 1340 734 1394 est:
755 1341 786 1393 at
807 1340 929 1412 propter
950 1335 1045 1413 legem
1068 1341 1152 1394 tuam
1173 1335 1305 1395 smtinui
1324 1341 1364 1409 ts,

159 1436 295 1494 Domine.

219 1531 371 1592 Sustinuit
384 1530 485 1587 anima
504 1547 571 1586 mea
584 1528 616 1585 iu
629 1528 720 1587 verbo
733 1528 815 1605 ejus:
836 1527 967 1605 speravit
980 1528 1081 1587 anima
1096 1548 1162 1587 mea
1175 1529 1209 1586 in
1222 1528 1361 1588 Domino.

218 1629 251 1688 A
265 1627 401 1686 custodia
415 1625 563 1685 matutina
576 1644 670 1702 usque
684 1625 721 1683 ad
735 1630 861 1699 noctem,
875 1631 973 1702 speret
987 1625 1082 1684 Israel
1095 1627 1129 1683 in
1142 1627 1281 1686 Domino

219 1725 300 1798 Quia
312 1725 391 1802 apud
405 1724 569 1781 Dominum
583 1724 791 1796 misericordia,
802 1730 834 1782 et
846 1724 963 1800 copiosa
975 1725 1055 1801 apud
1068 1745 1136 1785 eum
1149 1725 1323 1805 redemptio.

218 1823 261 1882 Et
273 1823 336 1900 ipse
350 1821 476 1880 redimet
490 1821 592 1894 Israel,
607 1842 646 1880 cx
659 1822 797 1880 omnibus
809 1821 1019 1899 iniquitatibus
1033 1823 1104 1899 ejus

216 1970 398 2048 Antiprlronu.

231 2235 265 2295 Si
293 2234 577 2312 in-i-qui-ta-tes
608 2232 901 2293 ob·ser-va·ve·ris
937 2234 1124 2306 Domi-ne,
1159 2233 1336 2293 Domi-ne

153 2425 610 2577 Q

192 2600 261 2678 quis
298 2597 568 2656 sus-ti·ne·bitl

212 2788 394 2864 Aulindenos.

210 3177 524 3256 Paolmua(cxcxcoii)
898 3181 1290 3242 E.V.0.V.A.E·

211 3277 382 3335 confitebor
402 3276 467 3346 tibi,
483 3275 622 3347 Domine,
636 3274 669 3332 in
689 3275 855 3335 totocorde
874 3296 959 3335 meo:
981 3279 1122 3355 quoniam
1139 3279 1251 3339 audisti
1265 3281 1356 3340 verba

149 3393 209 3434 orie
223 3393 290 3432 mer.

208 3472 248 3530 In
261 3477 419 3548 conspectu
433 3470 619 3547 Angelorum
633 3469 756 3545 psallam
770 3469 844 3528 tibi:
865 3470 994 3529 adorabo
1007 3471 1045 3529 ad
1058 3473 1203 3550 templum
1217 3479 1352 3534 sanctum

146 3575 241 3641 tuum,
257 3577 288 3626 et
301 3570 465 3628 confitebor
479 3568 593 3625 nomini
609 3573 669 3627 tuo.

207 3667 303 3743 Super
319 3666 519 3724 misericordia
537 3673 591 3722 tua
612 3670 643 3722 et
661 3663 788 3723 veritate
801 3672 872 3723 tua:
894 3665 1035 3742 quoniam
1054 3667 1252 3746 magnificasti
1265 3687 1353 3747 super

146 3783 241 3835 omne,
256 3784 364 3822 nomen
378 3772 512 3821 sanctum
529 3771 624 3821 tuum.

205 3861 245 3918 Iu
259 3880 444 3936 quacumque
458 3860 506 3918 die
520 3861 696 3918 invocavero
710 3865 750 3934 te,
764 3859 874 3919 exaudi
887 3879 935 3919 mc
949 3881 955 3920 :
977 3861 1191 3939 multiplicabis
1204 3862 1238 3921 in
1252 3865 1351 3925 anima

145 3976 212 4015 mea
224 3957 378 4012 virtutem.

205 4051 413 4110 confiteantur
425 4051 491 4122 tibi,
506 4052 642 4128 Domine,
658 4073 760 4112 omnes
773 4072 855 4132 reges
867 4059 954 4113 terroe
967 4077 974 4115 ε
995 4055 1066 4133 quia
1079 4057 1240 4117 audierunt
1252 4058 1354 4119 omnis

143 4149 235 4208 verba
248 4148 307 4204 oris
321 4148 375 4206 tui

203 4248 246 4306 Et
260 4254 382 4307 cantent
395 4249 427 4305 in
441 4249 498 4306 viis
513 4249 656 4310 Domini:
677 4253 818 4329 quoniam
831 4271 939 4331 magna
952 4257 997 4310 est
1010 4252 1105 4329 gloria
1119 4253 1252 4316 Domini.

203 4345 352 4416 Quoniam
376 4346 507 4405 excelsus
532 4347 688 4424 Dominae,
710 4355 741 4409 et
765 4350 891 4410 humilia
912 4350 1049 4428 respicit:
1081 4357 1113 4410 et
1133 4351 1196 4410 alta
1219 4371 1239 4410 a
1262 4352 1351 4433 longe

143 4442 301 4521 cognoscit.
