3022 4966
497 300 663 366 Manuale
677 298 725 365 ud
738 319 843 366 wara
855 298 990 367 sarua
1023 246 1025 250 -

211 464 313 525 Finito
326 466 446 525 Paulino
460 486 527 525 cum
540 465 643 524 Gloria
656 465 749 523 Patri.
784 464 870 524 Sicut
882 471 954 524 erat.

214 547 288 605 Tota
298 546 417 605 dicotur
426 546 598 623 Antiphone
608 567 618 603 :

213 626 350 685 Salvator
370 627 484 700 muudi,
506 627 589 684 salva
604 644 667 698 nos,
682 624 735 702 qui
754 644 808 702 per
828 644 945 684 mutem
958 632 990 684 et
1006 624 1180 703 sauguinem
1200 627 1352 687 redemisti

150 725 205 764 nos
218 728 225 764 :
247 707 393 765 auxiliare
405 708 498 779 nobis,
514 712 546 764 te
559 706 759 783 deprecamur,
774 705 857 763 Deus
869 711 977 764 noster.

214 787 298 845 Tunc
311 789 391 845 <licat
404 786 544 846 Sacerdos
557 786 704 845 Dominus
717 786 877 859 vobiscum,
892 793 919 844 et
933 786 1066 844 Oremus.
1110 786 1222 848 Oratio.

213 868 408 943 Omnipotens
428 868 606 944 sempiterne
627 866 718 937 Deus,
733 867 785 941 qu'i
798 886 852 942 per
871 866 992 923 beatum
1011 867 1032 924 J
1034 868 1158 924 soobum
1172 868 1352 945 Apostolum

149 954 239 1005 tuum
253 948 369 1005 locutus
383 968 422 1018 es,
437 948 536 1005 diceus
550 969 556 1005 :
577 947 753 1005 Infirmatur
766 947 833 1022 quis
853 946 886 1004 in
905 947 1009 1004 vobis:
1029 946 1153 1005 inducat
1165 949 1351 1024 presbyteros

150 1027 287 1086 Fsclesiae
302 1038 333 1085 et
346 1035 431 1086 orent
444 1048 533 1104 super
546 1047 622 1100 eum,
635 1032 779 1104 ungentes
793 1027 856 1084 olco
870 1033 971 1085 sancto
985 1028 1017 1084 in
1030 1028 1150 1085 nomine
1164 1029 1300 1086 Domini:
1321 1035 1352 1087 et

150 1108 247 1166 oratio
269 1108 340 1166 fidei
368 1109 496 1166 salvabit
515 1109 677 1180 infirmum,
700 1113 732 1165 et
759 1107 913 1165 alleviabit
942 1127 1011 1165 eum
1034 1108 1190 1182 Dominus,
1214 1116 1245 1166 et
1273 1110 1299 1166 si
1319 1108 1352 1166 in

149 1189 278 1265 peccatis
301 1189 342 1246 sit
362 1188 553 1247 dimittentur
574 1189 603 1246 ei
611 1208 620 1261 3
647 1188 769 1264 dignare
790 1207 843 1263 per
855 1207 961 1245 manus
974 1193 1089 1246 nostras
1108 1188 1188 1247 hunc
1207 1189 1352 1246 famulum

148 1275 238 1326 tuum
258 1269 298 1326 N.
313 1269 466 1326 infirmum
485 1269 522 1327 de
542 1270 606 1328 oleo
626 1268 809 1327 sanctificato
828 1288 947 1345 ungere,
962 1274 993 1326 et
1005 1269 1120 1326 virtute
1138 1269 1352 1327 benedictionis
1457 1322 1464 1331 .

150 1354 212 1406 tuae
221 1349 312 1406 saluti
324 1350 457 1426 pristinae
468 1351 638 1408 restituere:
659 1355 695 1407 ut
708 1349 787 1425 quod
795 1350 926 1408 exterius
939 1368 992 1425 per
1005 1349 1204 1407 ministerium
1216 1355 1353 1407 nostrum

150 1429 287 1501 efficitur,
302 1430 357 1487 hoc
376 1431 502 1488 interius
522 1430 718 1507 spiritualiter
737 1436 790 1487 tua
809 1430 913 1487 divina
925 1429 1023 1487 virtus
1035 1450 1069 1488 ac
1089 1429 1280 1488 invisibiliter
1299 1436 1353 1487 tua

150 1509 330 1585 malngmats
342 1518 509 1587 operentur.
552 1511 611 1568 Per
624 1510 795 1568 Dominum.
861 1540 865 1545 ·

215 1589 298 1648 Tunc
319 1590 458 1651 Sacerdos
480 1592 612 1650 academ
633 1592 674 1648 ad
695 1591 849 1666 infirmum
866 1590 992 1666 incipiat
1013 1589 1169 1649 Psalmum
1182 1599 1350 1666 sequentem,

151 1670 256 1729 clerus
281 1671 326 1729 ccl
351 1672 470 1731 clericus
494 1681 586 1730 totum
606 1679 823 1747 prosequatur:
848 1680 874 1728 et
897 1671 938 1729 sic
957 1673 1016 1746 fiat
1040 1672 1075 1730 dc
1101 1671 1199 1730 retent
1224 1670 1353 1729 Psalmis

151 1752 347 1825 acquestibus:

213 1831 359 1890 Psalnucs.
401 1832 575 1907 Usqucquo,
591 1830 719 1888 Domine
733 1829 824 1908 (att.)

214 1911 317 1969 Gloria
332 1912 424 1968 Patri.

214 1990 297 2049 Dum
323 1991 434 2048 dicitur
460 1990 621 2065 pradictus
648 1988 787 2046 Psalmus
814 2009 835 2045 a
862 1988 945 2047 choro
972 1998 1016 2046 ost
1042 2010 1062 2046 a
1090 1989 1197 2061 clerico,
1225 1991 1350 2066 accipiat

154 2069 274 2127 interim
300 2069 440 2128 rioccrdos
466 2070 560 2127 ouum
590 2070 777 2143 infirmorum
804 2088 891 2143 super
912 2068 1047 2143 pollicem
1074 2070 1230 2127 deutrum:
1261 2079 1287 2127 ct
1310 2073 1352 2129 sic

155 2167 222 2206 cum
234 2150 284 2206 lllo
293 2148 398 2224 pollice
419 2159 522 2224 tangat
541 2149 694 2223 infirmum
713 2169 779 2206 cum
792 2147 859 2218 olco,
875 2147 992 2222 siquam
1004 2157 1111 2207 sarwtoe
1125 2149 1350 2223 crzccissacieas,

154 2246 241 2303 super
260 2237 417 2304 acuatque
436 2228 562 2302 oculum,
583 2228 748 2304 iuctpicado
768 2228 810 2285 cd
830 2228 972 2302 deutrum,
994 2237 1020 2287 et
1042 2229 1121 2287 debat
1142 2227 1282 2288 Sacerdos
1301 2229 1351 2288 ltoc

215 2352 275 2446 Per
294 2388 384 2447 istam
404 2390 575 2446 unctionem
595 2395 626 2446 ct
656 2407 739 2446 suam
759 2387 922 2465 piissimam
942 2387 1180 2461 misericordiam,
1203 2388 1356 2466 indulgeat

154 2468 212 2526 tibi
226 2469 373 2527 Dominus
387 2469 529 2545 quicquid
543 2469 671 2544 peccasti
683 2488 736 2545 per
749 2469 855 2526 visum.

215 2549 299 2625 Resp.
343 2549 451 2607 Amen.

214 2629 364 2704 Sequatur
377 2629 525 2688 Psalmus.
569 2628 718 2687 Exultabo
732 2635 770 2701 te,
782 2627 910 2686 Domine
923 2626 1042 2705 (acic.)

217 2710 320 2767 Gloria
334 2710 426 2768 Patri.

216 2790 329 2849 Deinde
342 2810 429 2866 super
442 2809 537 2863 aures,
552 2790 665 2848 ducas:
1171 2848 1176 2856 ,

213 2870 275 2928 Per
297 2871 386 2928 istam
406 2870 577 2928 unctionem
596 2877 626 2928 et
649 2889 734 2928 suam
758 2870 920 2946 piissimam
943 2868 1181 2939 misericordiam,
1205 2870 1357 2950 indulgeat

154 2951 213 3009 tibi
227 2951 375 3009 Dominus
388 2950 528 3027 quicquid
538 2950 664 3027 peccasti
676 2970 730 3028 per
743 2950 887 3009 auditum

215 3032 297 3108 Rcsp.
340 3031 449 3089 Amen

215 3111 364 3187 Sequatur
376 3112 524 3170 Psalmus.
567 3113 588 3170 J
590 3112 678 3170 udica
691 3131 746 3182 me,
762 3111 845 3170 Deus
858 3110 971 3189 (alili.)

217 3192 321 3251 Gloria
335 3192 427 3250 Petri.

216 3273 330 3331 Deinde
343 3293 432 3348 super
444 3272 532 3345 lotia,
547 3272 667 3330 dicens.-

217 3352 276 3410 Pcr
288 3355 377 3410 istam
391 3354 562 3410 unctionem
575 3356 606 3409 et
619 3370 703 3409 suam
713 3350 875 3426 piissimam
884 3348 1123 3419 misericordiam,
1134 3348 1287 3425 indulgeat
1300 3349 1357 3405 tibi

156 3433 305 3491 Dominus
318 3433 460 3510 quicquid
473 3433 599 3509 peccasti
612 3451 665 3507 per
677 3436 797 3506 gustum
812 3435 842 3486 et
855 3448 909 3504 per
922 3429 1027 3486 illicita
1040 3428 1139 3485 verba.

217 3511 247 3570 R
294 3557 301 3570 .
343 3514 451 3571 Amen.

216 3533 364 3667 Seedpuatur
376 3593 523 3652 Psalmus.
566 3591 649 3648 Deus
662 3589 695 3646 in
708 3587 828 3645 nomino
841 3592 894 3644 tuo
908 3585 1001 3664 (lili.)

219 3671 323 3730 Gloria
336 3674 429 3732 Patri.

217 3752 332 3811 Deinde
346 3774 433 3829 super
445 3772 541 3815 nucea
555 3751 652 3810 diceas
658 3774 668 3808 .·

217 3832 278 3890 Per
297 3833 387 3891 istam
409 3834 580 3891 unctionem
602 3838 634 3888 et
655 3848 740 3889 suam
764 3827 927 3905 piissimam
948 3823 1186 3900 misericordiam,
1204 3825 1359 3904 indulgeat

155 3913 215 3973 tibi
228 3913 376 3971 Dominus
390 3912 530 3989 quicquid
542 3912 669 3990 peccasti
682 3929 736 3988 per
749 3908 911 3967 odoratum.

218 3994 303 4069 ltcap.
346 3995 455 4051 Amen.

218 4073 367 4149 Sequatur
381 4072 526 4131 Psalmus.
569 4073 651 4130 Deus
664 4072 698 4129 in
711 4068 892 4147 adjutorium
906 4065 1014 4146 (laia.)

219 4153 324 4212 Gloria
336 4154 431 4212 Patri.

218 4235 334 4293 Manus
345 4233 510 4293 Sacerdotis
521 4232 635 4308 infirmi
648 4231 748 4291 debeat
760 4229 869 4306 lausqi
877 4229 912 4287 ia
919 4227 1057 4306 partitus
1069 4226 1257 4288 auduom
1265 4251 1275 4287 .·
1288 4246 1362 4287 aar»

157 4324 184 4375 ct
197 4314 360 4392 Episcopus
380 4313 499 4372 liniebat
518 4313 552 4371 ia
566 4313 705 4389 portibus
724 4310 918 4371 iatulma‘tu
960 4307 1074 4369 Munus
1085 4309 1361 4388 procurataque

157 4395 281 4457 suerius
293 4394 408 4473 infirmi
420 4393 520 4455 debeat
532 4391 641 4468 inungi
653 4391 786 4503 lateriup

743 4487 765 4530 D
