3022 4966
144 383 186 449 so
472 377 812 466 oeoaesaoeea
832 378 1029 467 spemn

17 521 20 525 ’
143 559 1227 639 e0um‚³a0oonp1ezooeemenpmoeeaetaenesmn.
1277 561 1369 634 ouo-

143 660 212 738 qnie
224 659 314 718 etiam
326 658 467 719 Sacerdoe
480 660 539 718 eive
553 658 703 718 camelae-ie
719 659 779 718 eice
797 658 945 734 copularis
964 658 1101 733 emiterii,
1115 657 1169 736 qni
1182 658 1371 719 conmunica-

144 755 252 817 senem
265 755 451 815 matrimonii
463 765 546 816 cetra
565 755 725 815 Eccleeiam
740 755 889 833 parochia
908 755 954 816 oei
968 755 1111 834 capellam
1123 754 1279 815 habentem
1284 755 1368 834 jura

139 851 290 929 parochie
315 851 372 912 eibi
399 851 589 929 competentia
613 852 650 911 ab
678 850 811 927 antiquo,
844 851 951 929 adeone
977 852 1128 913 diocesani
1155 851 1213 912 loci
1241 851 1368 912 lieentia

143 948 307 1027 spirituaii,
321 949 458 1009 celebrare
465 949 688 1027 praeampeerit
701 958 755 1008 aot
771 949 955 1010 celebrationi
973 950 1118 1023 interecee,
1131 949 1292 1028 ipeofacto
1307 970 1367 1028 per

144 1066 262 1106 annum
276 1047 423 1123 integram
436 1049 472 1108 ab
485 1047 577 1124 officio
591 1057 632 1107 eet
645 1065 810 1124 euepenom

165 1150 168 1159 '
205 1169 552 1232 renascentem
565 1171 717 1231 manen
730 1169 1094 1232 amnesamnes
1107 1171 1366 1248 emmone

144 1267 198 1329 oud
212 1268 401 1345 Itacsoma:

205 1375 258 1449 N.r
272 1376 331 1432 Vis
344 1375 452 1435 habere
465 1375 543 1434 hanc
562 1374 717 1433 mulionem
731 1373 764 1431 in
777 1391 915 1450 sponsam
929 1380 962 1434 et
974 1394 1040 1433 enm
1054 1373 1188 1452 diligere,
1201 1374 1365 1449 honorare,

143 1478 246 1531 tenere
259 1479 291 1530 et
311 1473 467 1546 custodire,
487 1491 590 1531 sanem
611 1479 642 1529 et
661 1471 821 1545 infirmnm,
844 1473 923 1531 sicut
942 1491 1070 1550 sponsus
1089 1471 1180 1530 debet
1199 1488 1365 1549 sponsam:

144 1575 176 1629 et
189 1589 292 1629 omnes
312 1571 385 1629 alins
399 1578 521 1650 propter
540 1591 606 1631 enm
620 1570 782 1645 dimittere,
796 1577 827 1628 et
840 1570 887 1628 illi
901 1570 957 1629 soli
970 1569 1123 1629 edhaerore
1135 1569 1285 1647 quamdiu
1299 1570 1367 1628 vite

145 1668 304 1744 utriusque
319 1675 452 1727 vestrum
466 1668 629 1740 duraverit.

207 1781 392 1857 Respondeat
404 1782 472 1842 eir:
492 1781 581 1842 Volo,

207 1899 344 1960 *Iterum
356 1903 390 1960 in
403 1901 509 1978 liteque
522 1912 658 1963 oeateerca
671 1903 712 1963 ad
725 1901 826 1963 viram
839 1903 891 1963 doc
904 1903 1012 1962 modo.-

208 2006 260 2079 N„
282 2007 370 2084 Wylt
394 2007 468 2065 thou
493 2007 569 2067 haue
592 2009 655 2066 this
678 2028 794 2067 woman
808 2015 841 2066 to
861 2008 917 2086 thy
940 2007 1019 2084 wyse
1038 2006 1098 2066 end
1122 2005 1190 2065 lone
1211 2004 1268 2065 her
1291 2004 1367 2088 [end

147 2103 303 2182 wirsohipe
323 2105 406 2162 hir-
414 2092 588 2182 Omahridqe
601 2104 682 2187 MS]
697 2107 757 2165 and
771 2107 847 2183 keep
860 2105 923 2180 her,
938 2104 972 2163 in
993 2105 1103 2182 syknes
1119 2103 1179 2163 end
1192 2104 1229 2162 in
1248 2103 1366 2178 helthe,

146 2203 205 2262 end
225 2203 258 2262 in
272 2203 313 2262 all
326 2204 414 2263 other
433 2204 552 2283 degsese
565 2205 602 2262 be
620 2211 653 2263 ιο
674 2204 728 2263 her
747 2224 780 2263 ns
797 2224 816 2262 n
834 2204 988 2262 husbnnde
1001 2202 1104 2262 sholde
1116 2202 1154 2260 be
1164 2208 1197 2260 ιο
1211 2201 1261 2260 his
1275 2203 1365 2281 wyse,

146 2301 206 2359 and
215 2301 256 2359 all
267 2301 354 2360 other
364 2301 480 2361 forsnke
490 2302 536 2360 for
548 2302 611 2377 her,
622 2301 682 2360 and
696 2301 784 2359 holde
798 2300 850 2359 the
863 2301 934 2378 only
948 2306 981 2358 to
992 2300 1047 2359 her
1060 2304 1093 2358 to
1106 2298 1163 2376 thy
1175 2298 1263 2375 lyues
1277 2300 1365 2359 ende.

208 2405 390 2484 Reepondatt
403 2408 451 2467 cir
464 2407 516 2467 doc
529 2407 614 2466 modo
624 2431 634 2466 .·
660 2406 677 2464 I
691 2405 791 2482 wyllf

207 2529 230 2588 I
229 2541 322 2590 terrem
335 2531 475 2592 Sacerdos
488 2531 568 2590 dicat
581 2531 622 2588 ad
635 2529 786 2589 mulierem
799 2529 854 2588 ead
867 2528 1035 2605 hacsooma
1045 2551 1055 2588 .·

208 2633 259 2706 N„
278 2634 338 2691 Vis
351 2635 459 2692 hebere
479 2635 560 2691 hunc
578 2634 678 2690 virum
692 2633 887 2708 impensum,
903 2636 934 2689 et
947 2631 994 2689 illi
1007 2629 1128 2691 obedire
1144 2633 1177 2689 et
1194 2629 1322 2703 servire,
1337 2636 1367 2690 et

147 2749 216 2789 eum
235 2731 358 2808 diligere
372 2738 403 2789 et
420 2731 565 2790 honomre
583 2751 616 2788 nc
633 2729 783 2788 custodiro
800 2748 908 2787 sanum
927 2734 960 2786 et
978 2727 1140 2802 infirmum,
1155 2727 1237 2786 sicut
1255 2747 1367 2805 sponse

146 2826 235 2885 debet
258 2846 408 2904 sponsum,
431 2834 462 2887 et
486 2848 589 2886 omnes
612 2827 687 2885 elios
714 2834 836 2903 propter
860 2827 959 2903 ipsum
982 2824 1146 2896 dimittere,
1174 2829 1207 2882 et
1231 2823 1282 2882 illi
1310 2824 1369 2884 soli

146 2925 304 2998 adhaerere,
318 2926 461 3003 quamdiu
475 2927 540 2984 vita
553 2926 713 3002 utriusque
727 2931 861 2983 vestrum
877 2923 1041 2983 duraverit.

207 3036 392 3115 Reepoadeat
404 3037 512 3097 mulier
524 3062 533 3097 :
554 3037 642 3095 Volo.

207 3155 338 3216 *Itemtm
352 3158 386 3215 in
399 3157 505 3233 linqua
517 3165 652 3215 neaterna
666 3156 707 3213 ad
718 3155 869 3214 mulierem
882 3155 935 3214 hoo
948 3154 1033 3214 modo
1044 3179 1053 3214 :

211 3268 263 3341 N„
278 3270 366 3346 Wylt
382 3270 456 3327 thou
470 3269 546 3327 haue
560 3268 621 3326 this
634 3288 705 3325 man
718 3273 750 3326 to
764 3267 821 3345 thy
833 3267 997 3340 humando,
1020 3266 1079 3324 and
1099 3273 1133 3323 to
1146 3265 1183 3323 be
1197 3266 1323 3325 buxum
1337 3276 1369 3325 to

146 3365 228 3443 hym,
249 3363 311 3446 [luf
328 3368 408 3444 hym,
431 3368 523 3444 oheye
545 3372 578 3434 to
600 3367 673 3438 him,
695 3365 754 3424 ond
776 3366 932 3441 wirsohipe
959 3362 1250 3441 hym-Gambridqe
1272 3363 1368 3446 MS.]‚

146 3482 232 3521 seruo
251 3464 324 3541 hym
338 3464 398 3522 ond
416 3465 492 3540 kepe
513 3463 585 3539 hym
602 3463 635 3519 in
656 3462 783 3538 sykenes
803 3461 863 3519 and
883 3462 916 3518 in
936 3460 1056 3518 helthe:
1077 3459 1136 3517 and
1157 3459 1190 3516 in
1208 3459 1252 3518 all
1279 3462 1370 3520 other

146 3560 265 3640 degreso
283 3564 320 3622 be
332 3569 408 3622 unta
422 3563 484 3620 him
499 3581 533 3620 as
546 3581 564 3619 a
578 3560 655 3637 wyse
674 3559 781 3618 shulde
794 3561 831 3617 be
845 3565 877 3617 to
897 3559 948 3617 hir
961 3557 1124 3629 husbnnde,
1139 3556 1200 3614 nnd
1214 3557 1258 3617 all
1280 3561 1372 3620 other

146 3665 179 3719 to
192 3661 309 3721 forsake
323 3663 369 3720 ior
381 3662 464 3739 hym,
479 3660 539 3719 and
552 3659 641 3718 holde
654 3658 707 3716 the
721 3657 792 3734 only
804 3663 838 3716 ιο
851 3658 923 3735 hym
937 3663 970 3716 to
983 3657 1039 3734 thy
1052 3657 1137 3733 lyues
1151 3655 1239 3713 ende.

206 3773 390 3851 Respondeat
403 3776 437 3835 in
450 3775 559 3834 mulier
571 3774 623 3833 leoc
637 3773 722 3831 modo
732 3795 742 3832 .·
763 3771 781 3828 Ι
795 3769 895 3848 wylh*

208 3886 324 3946 Deinde
337 3887 478 3947 Sacerdos
491 3908 501 3946 .·
522 3887 605 3945 Who
618 3905 711 3965 gyues
724 3884 847 3944 methis
860 3884 946 3961 wyfe.

209 4012 323 4072 Deiraie
346 4014 433 4072 detur
447 4012 568 4087 semina
589 4033 609 4072 a
628 4021 717 4090 patre
739 4031 793 4072 ouo
816 4010 862 4070 oei
873 4011 910 4070 ab
930 4009 1025 4069 amico
1036 4029 1048 4079 ,·
1069 4027 1135 4085 qua
1155 4006 1315 4084 cipuella
1337 4014 1375 4074 eit

147 4109 356 4186 discoopertam
379 4108 482 4168 tabeat
502 4129 626 4169 maroam
636 4132 650 4181 ,·
677 4109 813 4169 eioidua
832 4116 942 4168 tectam.
1001 4105 1099 4177 Quam
1115 4105 1164 4162 oie
1183 4106 1321 4184 recipiat
1342 4113 1376 4171 in

147 4207 207 4269 Dei
211 4208 276 4284 side
289 4217 316 4268 et
328 4226 384 4268 cna
397 4208 579 4280 mandam,
594 4207 669 4268 ciaet
689 4207 765 4266 vovit
779 4226 876 4266 coram
891 4204 1065 4274 Sacer-datm
1086 4210 1112 4262 et
1126 4210 1224 4262 teneat
1237 4223 1312 4268 cam
1319 4230 1377 4287 per

190 4393 477 4516 duffimummgmphs
486 4407 528 4444 ere
538 4393 639 4442 omitted
648 4393 675 4440 in
685 4393 726 4441 the
737 4392 820 4451 ΜΒΒ,
830 4391 874 4440 bnt
883 4393 910 4440 {n
920 4392 961 4440 tho
972 4389 1117 4448 Cambridge
1127 4387 1183 4436 ΜΒ.
1194 4401 1240 4439 m
1250 4393 1335 4454 given
1345 4409 1375 4445 on

149 4478 180 4514 nn
305 4480 318 4515 s
335 4481 360 4529 p.
