3022 4966
522 318 776 388 Omnmcudotio
798 318 1024 386 Animarum.

224 506 317 566 Peter
329 509 438 565 noster.
481 503 523 562 Et
536 522 575 563 ne
588 523 644 562 nos
656 502 780 562 inducas
793 502 827 561 in
840 504 1078 581 temptationem.

223 604 372 682 Requiem
385 609 527 661 oeternum
540 602 618 660 donn
631 601 682 674 eis,
698 601 844 660 Domine:

223 699 266 761 Et
278 702 333 759 lux
345 705 490 778 perpetuo
502 698 601 756 lucent
613 698 663 756 eis.

222 797 337 856 Animo.
350 798 414 872 ejus
427 797 460 854 in
472 795 559 855 bonis
572 795 742 853 demoretur
754 815 762 853 ε

222 892 264 953 Et
277 913 379 952 semen
391 895 456 970 ejus
468 892 617 951 hereditet
630 897 747 950 terrum

222 990 294 1050 Non
307 992 402 1050 intres
415 992 448 1048 in
457 990 605 1068 judicium
620 1009 688 1048 cum
701 1008 786 1047 servo
799 994 863 1060 tuo,
877 987 1025 1049 Domine:

221 1087 301 1159 Quis
313 1107 374 1146 non
384 1087 601 1165 justificabitur
613 1085 646 1145 in
660 1090 819 1162 conspectu
834 1090 886 1142 tuo
899 1085 996 1144 omnis
1009 1085 1121 1144 vivens

221 1184 254 1242 A
267 1191 354 1262 porto
366 1183 473 1244 inferi:

221 1280 311 1352 Erue,
327 1280 464 1352 Domine,
478 1279 593 1338 enimus
606 1297 716 1338 eorum.

222 1377 422 1455 Requiescsnt
435 1377 468 1435 in
481 1395 560 1454 poce.
603 1376 712 1434 Amen

221 1473 368 1532 Dominus
382 1474 543 1532 vobiscum.
587 1472 629 1530 Et
643 1491 710 1530 oum
724 1470 833 1548 spiritu
848 1475 909 1528 tuo.

219 1572 354 1631 Oremus.
399 1571 510 1631 Oratio.

217 1669 340 1728 Partem
362 1669 457 1727 bestae
478 1665 704 1726 resurrectionis
724 1664 868 1738 obtineat,
882 1664 1035 1743 vitamque
1056 1673 1197 1725 oeternum
1218 1675 1367 1729 mereatur

153 1764 263 1824 hebere
276 1766 309 1824 in
323 1765 402 1825 coelis
415 1770 521 1842 perte,
536 1763 559 1822 J
559 1782 610 1822 esu
625 1761 744 1820 Christe
758 1758 896 1819 Salvator·
908 1762 1022 1835 mundi,
1040 1763 1180 1833 Quicum
1195 1764 1261 1823 Deo
1275 1766 1365 1826 Patre

154 1869 186 1922 et
199 1863 315 1940 Spiritu
330 1863 440 1922 Sancto
453 1861 532 1920 vivis
544 1867 576 1920 et
590 1878 696 1937 regnos
709 1858 792 1916 Deus
804 1878 859 1936 per
871 1860 972 1918 omnia
984 1861 1091 1918 saeonla
1104 1862 1285 1920 soculorum.

216 1959 350 2018 Oromus
394 1958 506 2018 Oratio.

216 2054 308 2128 Deus,
330 2055 380 2114 cui
400 2055 456 2113 soli
477 2054 621 2131 competit
644 2052 821 2112 medicinam
842 2059 983 2129 proestare
1004 2059 1071 2131 post
1092 2061 1227 2126 mortem,
1246 2063 1362 2132 praesto,

153 2170 330 2228 quesumus,
345 2158 382 2208 ut
401 2151 501 2210 enims
521 2151 627 2209 famuli
648 2149 696 2208 tui
714 2149 755 2209 N.
772 2150 899 2208 terrenis
918 2155 1011 2208 exuto
1032 2153 1176 2229 contagiis
1197 2152 1230 2208 in
1244 2158 1304 2211 tuae
1317 2174 1363 2212 re·

155 2248 335 2326 demptionis
348 2255 433 2326 porte
446 2255 624 2307 muneretur.
668 2247 728 2318 Qui
741 2247 820 2306 vivis
833 2253 864 2307 et
877 2268 989 2325 regnas.

219 2346 324 2404 Postea
338 2345 451 2404 noerio
460 2344 599 2405 Sacerdos
608 2346 840 2406 camoribus.
888 2346 960 2404 Post
969 2346 1119 2403 induatur
1131 2356 1165 2404 ut
1179 2348 1250 2406 ordo
1264 2348 1361 2424 aicit,

159 2452 186 2504 et
198 2441 349 2520 desereire
358 2451 500 2520 ponatur,
515 2452 542 2503 ct
554 2453 726 2521 ooperyotur
739 2453 765 2504 et
778 2445 952 2515 incensetur,
967 2452 993 2502 et
1007 2443 1126 2502 dicatur
1138 2445 1197 2504 lcoec
1213 2445 1334 2507 Oratio:

216 2539 347 2616 suscipe,
361 2539 497 2614 Domine,
512 2540 642 2598 animum
661 2540 741 2599 servi
761 2540 816 2610 tui,
832 2559 921 2615 quam
936 2540 972 2598 dc
986 2540 1135 2616 ergastulo
1155 2541 1245 2618 hujus
1261 2543 1362 2602 saeculi

153 2655 259 2696 vocure
272 2635 413 2713 dignatus
425 2655 474 2710 es,·
495 2642 525 2694 et
538 2635 633 2694 libers
645 2656 710 2694 eom
725 2637 761 2694 de
774 2637 959 2713 principibus
979 2636 1179 2710 tenebrarum,
1194 2645 1226 2696 et
1239 2639 1275 2698 de
1289 2640 1361 2699 locis

149 2724 324 2812 penarum.
339 2740 375 2791 ut
401 2733 536 2792 absoluto
563 2734 698 2793 omnium
725 2733 854 2791 vinculis
884 2734 1060 2792 delictorum
1088 2735 1196 2812 quietis
1223 2756 1257 2794 ec
1285 2736 1360 2796 lucis

149 2837 268 2889 sternes
288 2829 474 2889 beatitudine
494 2829 674 2907 perfruatur,
689 2835 720 2887 et
736 2830 816 2887 inter
835 2836 951 2887 sanctos
965 2837 996 2887 et
1010 2831 1116 2889 electos
1136 2839 1205 2891 tuos
1218 2833 1251 2891 in
1264 2854 1360 2893 resur·

148 2927 288 2986 rectionis
310 2926 405 3004 glorio
427 2927 598 2985 resuscitari
621 2933 790 2984 mereatur:
827 2927 887 2997 Qui
915 2927 993 2986 vivis
1017 2935 1048 2986 et
1071 2949 1176 3008 regnas
1200 2931 1283 2990 Deus
1304 2951 1358 3009 per

147 3025 249 3083 omnio
261 3024 368 3084 saeculs
379 3022 561 3083 soeculorum
605 3023 713 3082 Amen.

208 3122 385 3181 Notandum
411 3120 493 3197 quod
511 3128 581 3197 post
604 3122 881 3182 commodatiooem
905 3142 1085 3183 cornmuoem
1104 3125 1146 3184 sic
1169 3126 1294 3184 dicenda
1318 3133 1360 3185 cst

147 3217 338 3294 Antiphone:

208 3315 355 3392 Requiem
368 3321 511 3372 aeteinom
524 3313 603 3371 done
616 3313 667 3385 eis,
682 3311 828 3374 Domine:

207 3411 248 3470 Et
261 3411 317 3469 lux
329 3416 473 3488 perpetuo
485 3410 582 3468 luceat
597 3410 646 3468 eis.

207 3508 305 3586 Kyrie
318 3509 445 3584 eleyson.
488 3507 607 3566 Christe
621 3510 748 3586 eleyson.
793 3511 890 3589 Kyrie
903 3514 1029 3591 eleyson.

208 3604 299 3664 Potor
311 3611 420 3664 noster.
465 3605 507 3663 Et
519 3624 557 3664 ne
570 3625 632 3664 nos.

206 3702 355 3779 Requiem
368 3708 510 3762 aeternum
524 3703 602 3760 dono
615 3703 666 3776 eis,
683 3704 831 3762 Domine:

206 3797 248 3856 Et
261 3798 315 3857 lux
328 3805 473 3876 perpetuo
486 3799 584 3857 lucent
597 3801 646 3857 eis.

205 3897 302 3956 Credo
314 3897 417 3956 videro
429 3897 508 3956 bons
522 3897 645 3955 Domini
658 3920 664 3956 :

204 3995 244 4053 In
257 4000 339 4052 terra
350 3994 528 4052 viventium.

202 4092 235 4150 A
248 4097 335 4169 porto
347 4091 437 4150 inferi
449 4112 456 4150 :

202 4188 292 4260 Erue,
308 4187 446 4262 Domine,
461 4188 576 4247 animus
589 4208 698 4247 eorum.

203 4285 352 4345 Dominus
366 4286 527 4345 vobiscum.

201 4381 244 4440 Et
257 4401 326 4442 cum
339 4381 449 4459 spiritu
463 4388 525 4442 tuo.
