2962 4928
279 280 424 347 Ordines
440 281 620 349 Uectioeis
634 285 801 351 Extremo
815 293 845 353 et
859 285 1060 375 Sepulturce.
1194 291 1274 353 189*

642 566 709 633 111.

65 745 200 804 FROM
243 746 339 803 THE
381 745 678 806 PONTIFIOAL
720 748 775 806 IN
817 749 912 807 THE
955 748 1177 807 LIBRARY
1215 748 1273 807 OF

198 850 446 909 MAGDALEN
480 851 681 928 COLLEGE,
716 853 907 913 OXFORD.
961 854 1032 912 Saee.
1059 854 1137 912 XH.

461 1031 626 1092 Visirsmo
647 1031 861 1091 Irrmuouuu.

123 1187 236 1246 Finitis
248 1196 352 1265 septem
366 1187 496 1247 Psalmis
509 1188 689 1265 seeljnnqam
701 1210 711 1247 .·

125 1268 223 1344 Kyrie
236 1269 361 1345 eleyson.
405 1268 496 1328 Peter
509 1275 618 1329 noster.
661 1270 702 1328 Et
716 1289 831 1329 nenos.

123 1348 246 1407 Salvum
255 1349 301 1407 fac
314 1369 440 1411 servum.
484 1351 577 1410 Mitte
591 1350 626 1409 ei
669 1351 742 1410 Fsto
756 1352 792 1424 ei,
808 1351 945 1412 Domine.

123 1429 260 1502 Domine,
276 1431 395 1489 excudi.

122 1509 269 1568 Dominus
284 1513 443 1570 vobiscum.
486 1511 621 1571 Oremus.

121 1590 203 1649 Deus
217 1593 270 1669 qui
282 1592 395 1650 famulo
408 1598 462 1650 tuo
475 1593 617 1665 Ezechiae,
633 1601 660 1650 et
674 1601 764 1651 cetera
777 1603 812 1651 et
825 1615 927 1670 supra,
942 1615 968 1671 p.
986 1597 1034 1654 46.

121 1670 255 1748 Respice,
270 1673 410 1745 Domine,
423 1673 568 1730 famulum
582 1679 677 1744 tuum,
692 1682 719 1730 et
733 1682 823 1732 cetera
836 1683 871 1732 ee
884 1694 977 1751 seipse
990 1674 1104 1733 ibidem.
1133 1677 1267 1737 Oremua

120 1750 212 1823 Deus,
227 1753 281 1827 qui
292 1752 414 1810 fecturae
429 1758 498 1822 tute,
513 1761 539 1809 et
552 1760 644 1833 cetere
657 1761 805 1828 utsupra,
820 1772 848 1827 p.
866 1753 913 1814 47.
957 1753 1091 1811 Oremus.

103 1827 212 1901 *Deus
228 1832 281 1905 qui
294 1832 433 1899 humano,
448 1839 474 1887 et
488 1839 579 1887 cetera
592 1840 740 1904 utsupra,
756 1849 784 1904 p.
803 1829 885 1888 176!

120 1910 181 1967 Hic
194 1908 373 1980 confiteatur,
388 1917 414 1965 et
428 1909 464 1966 ab
478 1909 611 1966 oritnihus
625 1908 798 1966 absolvatur.
840 1909 954 1968 Deinde
967 1930 988 1967 a
1001 1909 1269 1986 cunctetfretrihus

59 1988 204 2048 semileter
214 2009 227 2056 ,·
252 1997 278 2046 et
291 1989 396 2045 iterem
412 1986 455 2043 lae
469 1986 586 2045 collectos
602 1988 743 2044 dieantur
752 2011 762 2046 .·
1183 1993 1185 1996 ’

121 2068 255 2125 Oremus.
298 2067 437 2136 Domine,
452 2066 535 2123 Deus
548 2072 650 2122 noster
662 2067 715 2142 qui
728 2065 896 2141 offensione,
912 2076 938 2126 et
952 2077 1044 2127 cetera
1056 2078 1091 2127 et
1104 2089 1205 2147 supra.

122 2147 255 2205 Oremus.
897 2179 901 2186 ι

73 2267 78 2281 .
120 2227 242 2299 Adesto,
253 2225 391 2296 Domine,
401 2224 665 2303 supplicationibus
675 2225 794 2298 nostris,
807 2231 838 2282 et
848 2245 894 2284 me
905 2227 957 2304 qui
968 2228 1058 2286 etiam
1069 2230 1268 2290 misericordia

58 2315 113 2366 tua
126 2308 240 2384 primus
253 2307 380 2384 indigeo,
395 2305 555 2364 clementer
567 2305 684 2379 exaudi,
699 2314 725 2365 et
739 2315 830 2365 cetera
843 2315 878 2364 ut
892 2327 993 2384 repre,
1007 2327 1037 2384 p.
1054 2309 1137 2370 173¹&

119 2389 258 2446 Oremus.

120 2467 243 2541 Praestu,
266 2486 442 2544 quaesumus,
465 2465 602 2539 Domine,
624 2464 694 2525 huie
721 2465 832 2524 famulo
856 2474 910 2525 tuo
930 2468 1054 2545 dignum
1084 2470 1265 2546 poenitentiae

56 2549 197 2621 fructum,
213 2556 248 2607 ut
270 2549 397 2606 ecclcsiae
417 2555 477 2606 tuse
497 2553 606 2605 sanctae
626 2566 644 2604 a
665 2548 748 2624 cujus
761 2548 933 2623 integritate
955 2549 1090 2607 deviarat
1108 2552 1263 2627 peccando,

57 2630 251 2688 admissorum
266 2629 408 2687 reddetur
420 2629 562 2686 innoxius
575 2627 694 2686 veniam
709 2628 921 2704 consequendo.
964 2628 1024 2688 Per
1036 2629 1208 2689 Dominum.

118 2711 179 2768 Hie
192 2710 316 2771 dices:†

118 2791 267 2849 Dominus
281 2790 441 2848 vobiscum.
486 2790 620 2848 Oremus.

118 2871 313 2948 Omnipotens
343 2871 522 2948 sempiterne
550 2872 642 2942 Deus,
669 2870 722 2946 qui
749 2889 802 2948 per
828 2870 950 2929 beatum
976 2872 1143 2949 apostolum
1177 2879 1263 2932 tuum

56 2951 162 3008 dixisti
173 2972 182 3024 ;
203 2952 380 3010 Infirmetur
393 2952 459 3029 quis
472 2971 511 3009 ex
523 2952 617 3024 vobis,
631 2959 658 3009 et
672 2959 763 3010 cetere
776 2961 810 3010 eet
823 2971 925 3030 cupre,
940 2972 969 3031 p.
985 2953 1050 3013 49·.

120 3032 234 3091 Deinde
247 3034 371 3108 ineenqee
384 3053 451 3090 eum
464 3033 508 3090 ita
519 3032 663 3092 diemo:

116 3110 175 3169 Per
188 3112 276 3171 istam
290 3113 462 3171 unctionem
476 3119 506 3170 et
521 3132 604 3170 suam
618 3114 781 3189 piissimum
795 3114 1025 3174 misericordiam
1037 3115 1192 3194 indulgeat
1206 3117 1264 3175 tibi

32 3237 36 3244 .
55 3191 204 3250 Dominus
225 3192 366 3269 quicquid
385 3193 512 3269 peccasti
529 3194 702 3267 pervisum,
716 3212 769 3269 per
788 3195 933 3267 auditum,
947 3214 1000 3270 per
1018 3203 1140 3272 gustum
1160 3203 1191 3254 et
1211 3217 1264 3272 pcr

54 3271 162 3329 illicite
177 3272 273 3341 verba,
285 3291 337 3347 per
350 3272 515 3341 odoratum,
527 3290 579 3346 per
591 3277 715 3341 tactum,
726 3291 779 3347 per
791 3274 945 3344 incessum,
957 3292 1011 3349 per
1023 3275 1143 3332 illicitas
1156 3278 1264 3350 cegita-

54 3350 183 3409 tationes
197 3356 228 3406 et
242 3370 295 3424 pei·
308 3350 443 3407 ardorem
456 3349 598 3407 libidinis
641 3351 750 3407 Amen.

116 3429 277 3503 Postquam
285 3429 447 3500 inescaveris,
463 3428 563 3487 ablues
575 3446 682 3486 manue
701 3436 769 3486 tuae
778 3426 802 3497 ,s
812 3438 837 3486 et
851 3430 948 3505 ipsam
958 3449 1067 3504 equam
1080 3432 1134 3490 uti
1146 3433 1260 3507 leceris,

45 3509 143 3586 facies
156 3508 200 3566 cel
211 3508 246 3565 in
258 3509 355 3583 ipriem
365 3508 471 3584 projici
483 3508 528 3566 cel
539 3508 574 3566 in
586 3507 753 3566 sacrarium
766 3507 881 3583 deservi.
924 3508 1038 3568 Deinde
1051 3511 1128 3570 dices
1137 3535 1148 3570 .·

118 3588 265 3647 Dominus
275 3587 435 3646 vobiscum.
480 3587 614 3645 Oremus.

116 3669 199 3727 Deus
212 3669 385 3741 misericors,
397 3667 480 3725 Deus
493 3667 628 3737 clemens,
642 3674 668 3724 et
682 3669 773 3725 'cetere
786 3674 934 3743 utsupra,
949 3688 980 3744 p.
995 3668 1042 3727 49.

116 3750 315 3827 Msjestatem,
330 3754 424 3819 tuem,
440 3746 569 3804 Domine
582 3745 727 3822 supplices
741 3746 938 3823 deprecamur,
951 3754 986 3806 ut
999 3748 1068 3807 huie
1082 3749 1193 3810 famulo
1207 3757 1261 3811 tuo

52 3831 142 3907 longo
168 3831 303 3906 squalore
324 3827 505 3904 paenitentiae
532 3831 679 3884 macerato
705 3825 904 3885 miserationis
929 3834 990 3885 tuoe
1017 3829 1136 3888 veniam
1159 3831 1262 3909 largiri

53 3911 192 3987 digneris,
215 3917 250 3967 ut
273 3909 404 3985 nuptiali
426 3914 508 3966 veste
531 3912 658 3982 receptu,
680 3905 719 3962 ed
742 3906 871 3983 regalem
893 3926 1025 3967 mensem
1045 3911 1126 3970 unde
1149 3912 1261 3988 ejectus

53 3991 151 4049 fuerat
164 3997 314 4048 mereatur
327 3988 459 4046 introire.
504 3987 570 4045 Per.

113 4195 130 4223 '¹‘
145 4195 193 4254 On
227 4194 403 4270 margin-“
414 4192 582 4250 Virtutum.
638 4189 777 4264 Domine,
804 4199 904 4253 sancte
934 4192 1033 4255 Pater.
1090 4195 1258 4255 Perveniat.

54 4275 180 4346 Adesto,
196 4274 349 4332 Domine.’'

113 4357 132 4415 †
146 4356 194 4413 On
208 4356 383 4434 margin-“
392 4355 482 4430 Deua,
497 4352 621 4414 humani
633 4351 775 4430 generis?
