3022 4966
602 317 795 385 Benedictio
812 317 939 386 Fmetia.
1334 325 1374 386 1⁶

164 500 253 559 andis
272 500 443 558 bominibus
463 504 659 577 praeparatam
679 518 787 558 arcana
800 499 848 557 sui
867 499 990 557 luminis
1010 498 1196 559 admixtione
1216 499 1356 559 fecundet
1366 522 1377 576 ;

166 604 202 656 ut
221 599 454 656 sanctificatione
474 603 616 674 concepta
628 598 666 655 ab
685 597 877 655 immaculato
894 598 992 655 divini
1005 597 1097 656 fontis
1117 603 1204 656 utero
1217 597 1250 656 in
1264 617 1374 658 novam

166 701 270 752 renata
292 701 459 752 creaturam
486 693 639 770 progenies
666 693 790 751 caelestis
816 699 966 770 emergat,
992 699 1024 751 et
1047 713 1122 770 qnos
1148 700 1202 752 aut
1229 713 1319 752 sexus
1341 695 1376 753 in

163 809 285 866 corpore
298 797 352 848 aut
366 797 437 848 aetas
447 789 589 848 discernit
602 790 635 846 in
648 795 790 866 tempore,
801 809 902 847 omnes
914 791 948 846 in
961 808 1052 847 unam
1061 790 1158 866 pariat
1168 791 1266 868 gana
1278 797 1376 850 mater

165 885 330 944 infantum
374 885 484 943 Procul
507 904 576 962 ergo
596 885 675 956 hinc,
684 886 813 961 jubente
832 891 873 956 te,
894 885 1032 956 Domine,
1054 886 1151 944 omnia
1170 887 1295 963 spiritus
1318 887 1373 945 im·

164 983 293 1041 mundus
307 983 445 1041 abscedat
460 1004 466 1040 :
492 983 594 1059 procul
602 988 667 1040 tots
679 982 814 1058 nequitia
822 982 974 1041 diabolicae
982 982 1096 1041 fmudis
1110 984 1243 1042 absistat.
1285 983 1373 1044 Nihil

163 1079 212 1137 hic
225 1080 283 1138 loci
296 1081 403 1138 habeat
416 1081 571 1138 contrariae
584 1081 707 1139 virtutis
719 1080 865 1137 admixtio
876 1099 886 1152 ;
914 1099 975 1138 non
987 1080 1155 1138 insidiando
1169 1080 1371 1157 circumvolet,

163 1195 226 1234 non
250 1176 369 1234 latendo
392 1182 545 1253 surrepat;
575 1196 636 1234 non
659 1177 817 1234 inficiendo
844 1182 1022 1252 corrumpat.
1065 1176 1113 1234 Sit
1139 1175 1202 1234 haec
1224 1183 1371 1236 metuet

162 1272 304 1330 innocens
338 1279 473 1331 ereatura
505 1273 599 1331 libera
629 1273 667 1331 ab
699 1272 781 1330 omni
814 1273 1030 1349 impugnatoris
1056 1273 1187 1345 incursu,
1217 1280 1248 1331 et
1274 1274 1369 1333 totius

162 1370 304 1445 nequitiae
325 1375 450 1446 purgata
470 1369 607 1428 discessu.
659 1368 706 1427 Sit
726 1365 938 1448 ionsffivivna,
959 1365 1270 1448 aquaffaregenerans,
1290 1370 1372 1429 unda

160 1461 374 1544 ffipumfieans,
402 1472 438 1523 ut
464 1485 566 1524 omnes
592 1466 647 1523 hoo
674 1465 792 1524 lavacro
818 1465 971 1524 salutifero
998 1465 1142 1538 diluendi,
1170 1471 1311 1542 operante
1338 1468 1371 1524 in

160 1562 205 1620 eia
219 1563 332 1639 Spiritu
342 1565 458 1635 Sancto,
469 1565 606 1641 perfectae
616 1562 801 1640 purgationis
814 1562 1030 1639 indulgentiam
1041 1568 1265 1638 consequantur.
1308 1561 1370 1622 Hie

162 1656 254 1732 siam
267 1680 376 1735 aquom
394 1681 488 1717 osana
504 1660 588 1734 eiquo
602 1659 703 1718 creecia
751 1658 844 1716 Unde
859 1656 1055 1736 benessdico
1069 1664 1107 1731 te,
1123 1663 1258 1716 creatura
1271 1677 1366 1735 aquae,

160 1773 214 1830 per
227 1755 485 1835 Deumvlavivum,
496 1775 548 1832 per
562 1753 821 1833 Deumfflvem
837 1774 891 1831 per
900 1752 1195 1832 Denmfflsanctum
1206 1773 1259 1830 per
1269 1754 1368 1813 Deum

160 1851 213 1926 qui
234 1835 265 1909 te
286 1854 319 1909 in
343 1854 489 1929 principio
509 1853 600 1910 verbo
620 1851 769 1929 separavit
788 1851 826 1908 ab
844 1850 950 1922 arida3
976 1851 1060 1925 eujus
1074 1850 1204 1926 Spiritus
1225 1870 1314 1928 super
1337 1859 1368 1910 te

159 1945 308 2005 ferebatur
317 1968 326 2020 3
346 1949 400 2024 qui
413 1954 444 2006 te
457 1948 494 2005 de
514 1947 655 2005 Paradiso
677 1965 799 2004 manare
815 1947 917 2023 jussit,
931 1952 963 2004 et
980 1947 1013 2002 in
1033 1952 1176 2022 quattuor
1193 1946 1367 2006 fluminibus

154 2049 250 2100 totam
264 2050 374 2101 terram
388 2044 485 2119 rigare
498 2043 646 2118 pracepit.
689 2042 750 2099 Hic
762 2041 903 2099 Sacerdos
915 2040 1013 2116 ejicia
1029 2061 1140 2115 aquam
1153 2062 1248 2098 amau
1262 2061 1318 2099 saco
1331 2044 1367 2102 dc

148 2137 237 2210 sonte
254 2139 289 2194 ica
309 2146 448 2211 quattuor
457 2136 594 2211 partibus
610 2135 731 2193 diccaedo
741 2159 751 2194 .·
782 2134 843 2204 Qui
856 2142 887 2191 tc
900 2134 933 2190 in
946 2135 1062 2192 deserto
1076 2153 1206 2192 amaram
1220 2138 1367 2196 suavitate

158 2232 256 2289 indita
268 2232 340 2289 fecit
361 2251 423 2288 esse
439 2231 601 2306 potabilem
616 2237 646 2288 et
666 2230 783 2287 sitienti
795 2229 904 2306 populo
918 2229 955 2286 de
975 2235 1061 2305 petra
1080 2230 1231 2305 produxit.
1275 2231 1367 2292 Bene-

158 2325 301 2406 dicofflte
322 2345 375 2402 per
388 2326 410 2384 J
411 2345 494 2384 esum
508 2325 661 2383 Christum
682 2324 796 2382 Filium
809 2326 873 2401 ejus
886 2325 1018 2398 unionem,
1034 2324 1200 2383 Dominum
1219 2332 1366 2401 nostrum,

158 2425 212 2501 qui
225 2429 256 2481 te
269 2424 303 2481 in
314 2424 395 2481 Onna
410 2423 539 2481 Galilaea
553 2424 636 2500 signo
651 2423 820 2481 admirabili
834 2441 888 2479 sua
900 2422 1036 2499 potentia
1048 2423 1197 2481 convertit
1207 2424 1366 2485 invinum:

156 2520 211 2596 qui
223 2520 348 2597 pedibus
361 2539 450 2595 super
464 2526 493 2577 te
507 2518 681 2591 ambulavit,
692 2524 724 2576 et
736 2539 755 2576 a
767 2517 790 2577 J
791 2518 908 2576 ohanna
917 2518 950 2575 in
963 2517 986 2577 J
987 2519 1097 2577 ordane
1107 2518 1140 2575 in
1154 2525 1185 2577 te
1200 2520 1365 2596 baptizatus

153 2625 221 2676 est:
242 2618 295 2695 qui
308 2624 339 2675 te
358 2637 420 2674 una
433 2637 501 2675 cum
520 2617 665 2694 sanguine
684 2618 721 2675 de
741 2617 833 2676 latere
847 2637 901 2675 sno
921 2617 1073 2693 produxit,
1088 2624 1119 2676 et
1138 2619 1291 2697 discipulis
1304 2623 1365 2682 suia

149 2716 243 2806 jussit
256 2722 292 2773 ut
305 2716 456 2773 credentes
474 2716 695 2792 baptizarentur
707 2715 740 2773 in
754 2722 785 2773 te
798 2716 920 2774 dicens:
947 2715 996 2774 Ite
1013 2716 1116 2776 docete
1133 2736 1235 2776 omnes
1251 2726 1363 2797 gentes,

153 2813 338 2889 baptizantes
358 2832 407 2870 eos
425 2813 458 2869 in
476 2813 595 2870 nomina
610 2809 788 2892 Patrisffaet
801 2809 955 2892 Filiiffaet
969 2810 1258 2893 Spiritusvanancti
1300 2815 1362 2878 Hic

152 2918 244 2968 mutet
253 2930 346 2968 vocem
356 2929 441 2967 mom
453 2910 540 2985 quasi
549 2909 675 2984 legendo,
683 2909 796 2969 dm:
824 2908 899 2967 Haec
909 2910 994 2968 nobis
1004 2918 1151 2987 praecepta
1160 2914 1361 2988 servantibus,

150 3013 196 3079 tu,
211 3008 293 3065 Deua
306 3009 501 3084 omnipotens,
517 3007 651 3080 clemens,
666 3007 776 3080 adesto,
791 3012 826 3065 tu
846 3007 992 3084 benignus
1011 3009 1116 3085 aspira
1167 3008 1228 3069 Hic
1251 3014 1361 3089 aspiret

148 3105 185 3162 ica
208 3124 318 3179 aquam
339 3115 381 3163 ter
401 3106 435 3162 ia
454 3106 575 3164 modum
596 3103 768 3180 trianguli*
813 3104 860 3162 Tu
880 3105 934 3163 has
954 3106 1103 3183 simplices
1122 3127 1215 3184 aquas
1235 3129 1286 3168 ore
1306 3117 1360 3170 tuo

151 3202 326 3275 benedicito,
344 3210 380 3261 ut
396 3209 505 3279 praeter
524 3204 690 3262 naturalem
712 3202 953 3263 emundationem
973 3224 1063 3281 quam
1086 3205 1222 3265 lavandis
1246 3210 1361 3285 possint

150 3299 292 3358 adhibere
315 3301 493 3376 corporibus,
518 3301 580 3358 sint
606 3301 696 3359 etiam
724 3301 915 3378 purificandis
937 3303 1086 3360 mentibus
1109 3304 1246 3362 efficaces.
1300 3307 1361 3366 Hic

151 3413 248 3453 carena
261 3394 399 3469 liquescat
417 3396 451 3452 ica
470 3415 580 3470 aquam
599 3396 634 3453 in
647 3397 766 3454 modum
780 3397 883 3468 crucia
897 3405 924 3454 et
939 3406 1072 3471 portatur
1080 3408 1182 3473 postca
1202 3400 1237 3457 in
1249 3421 1360 3475 aquom
1386 3465 1387 3468 Ἴ

149 3491 187 3547 a'u
200 3491 321 3548 uwdum
333 3491 433 3548 craecia
470 3490 639 3549 Descendat
651 3492 684 3548 in
697 3492 774 3549 hanc
787 3491 1006 3568 plenitudinem
1019 3492 1111 3550 fontis
1123 3495 1222 3552 virtus
1230 3495 1360 3571 Spiritus

150 3586 206 3657 tui,
232 3591 385 3662 totamque
411 3587 500 3663 hujus
519 3607 603 3664 aquae
627 3587 826 3645 substantiam
856 3587 1049 3662 regenerandi
1070 3586 1209 3648 fecundet
1242 3591 1357 3652 effectu.

151 3681 215 3742 Hie
234 3683 368 3740 omnium
387 3689 573 3760 peecatorum
592 3681 715 3740 maculae
735 3682 914 3740 deleantur:
945 3680 994 3738 hio
1013 3688 1122 3740 natura
1140 3684 1180 3741 ad
1198 3685 1358 3763 imaginem

150 3786 236 3837 tuam
256 3780 374 3837 condita
393 3780 480 3837 etad
499 3779 640 3838 honorem
660 3779 707 3836 sui
726 3779 886 3836 reformata
904 3776 1046 3855 principii
1066 3780 1180 3840 cunctis
1199 3786 1358 3845 vetustatis

147 3874 337 3950 squaloribus
354 3874 541 3948 emundetur,
555 3882 591 3932 nt
604 3874 701 3933 omnis
721 3874 809 3932 homo
823 3872 878 3931 hoc
895 3881 1111 3934 sacramentum
1127 3881 1358 3957 regenerationis

150 3971 301 4050 ingressus
321 3973 354 4029 in
371 3992 448 4031 verae
464 3973 643 4031 innocentia
659 3991 768 4031 novam
783 3970 941 4029 infantiam
957 3980 1136 4034 renaseatur.
1180 3977 1239 4037 Per
1255 3978 1358 4039 Domi·

148 4087 224 4125 num
238 4073 382 4141 nostrum,
397 4068 420 4126 J
421 4088 503 4126 esum
517 4067 680 4139 Christum,
695 4067 808 4126 Filium
821 4073 918 4141 tuum,
933 4068 986 4145 qui
1000 4075 1100 4128 tecum
1113 4072 1192 4129 vivit
1205 4080 1237 4132 et
1250 4083 1357 4154 regnat

148 4163 183 4221 in
198 4163 314 4222 unitate
327 4165 460 4240 ejusdem
473 4162 606 4242 Spiritus
628 4164 731 4223 Sancti
745 4165 829 4224 Deua
849 4184 903 4243 per
922 4166 1024 4224 omnia
1039 4167 1148 4226 saecula
1168 4171 1353 4230 saeculorum.

147 4261 260 4319 Amen.

495 4369 507 4395 ¹
518 4367 636 4415 MSS-‘⁴
645 4368 669 4416 in
678 4369 766 4419 mam
775 4371 930 4436 iaybafipnru
939 4363 1001 4436 W.”
