3022 4966
309 316 367 380 50*
663 306 1011 376 Manaalcadnsanc
1024 308 1160 376 Sarum.

367 477 481 537 Deinde
494 495 581 554 saper
593 494 712 545 monas,
726 474 771 532 ita
784 474 884 532 dicem
894 498 905 533 .·

368 558 428 617 Per
440 559 527 615 iatam
543 557 715 614 unctionem
726 560 756 611 et
769 573 854 611 suam
867 555 1030 631 piissimam
1040 554 1281 627 misericordiam,
1292 555 1460 634 indulgeat
1481 584 1511 610 a.

308 638 455 698 Dominus
469 636 611 713 quicquid
624 634 752 712 peccasti
765 653 819 710 per
832 640 955 693 tactum.

369 717 454 793 Κεφ.
496 717 608 775 Amen.

368 797 516 872 Sequatur
528 795 675 856 Psalmas.
719 792 845 868 Inclina,
862 794 992 853 Domine
1004 794 1137 872 (lama)

370 877 472 935 Gloria
487 877 578 935 Patri.

369 957 483 1016 Deinde
496 976 582 1033 asper
593 957 687 1032 pedes,
702 954 747 1012 ita
761 955 860 1016 diceres
869 979 879 1015 .·

369 1037 429 1095 Per
441 1038 529 1095 istam
540 1037 712 1095 unctionem
725 1041 756 1094 et
768 1056 852 1095 suam
863 1035 1026 1112 piissimam
1039 1034 1280 1107 misericordiam,
1292 1037 1461 1116 indulgeat
1475 1046 1511 1097 tri

311 1117 457 1177 Dominus
471 1117 612 1194 quicquid
625 1115 753 1193 pocomi
767 1136 820 1193 per
833 1118 979 1174 insessum
991 1115 1108 1194 pedum

371 1198 400 1256 R
451 1242 458 1256 .
498 1199 607 1255 Amen.

370 1216 517 1353 ligator
530 1276 676 1336 Psabnos.
720 1274 850 1335 Domine
865 1276 947 1335 Deus
960 1275 1064 1335 salutis
1077 1294 1149 1335 mese
1163 1275 1323 1354 (ἱωυίἑ)

372 1358 476 1416 Gloria
488 1358 581 1416 Patri

371 1438 485 1497 Deinde
498 1439 532 1496 in
545 1439 630 1496 dorso
643 1437 720 1494 inter
736 1435 847 1496 lanebos
859 1437 962 1510 maon,
976 1436 1020 1494 acl
1038 1457 1125 1514 snper
1144 1436 1317 1496 ombilicum
1329 1438 1475 1499 credaris
1495 1440 1511 1480 '2

311 1518 424 1579 dicens:

372 1600 431 1656 Per
444 1599 533 1656 istam
543 1597 714 1656 unctionem
728 1604 761 1657 et
774 1618 857 1656 suam
872 1596 1035 1675 piissimam
1044 1597 1283 1670 misericordiam,
1295 1597 1460 1676 indulgeat
1474 1605 1511 1658 tn

310 1680 459 1737 Dominus
482 1678 624 1754 quicquid
651 1680 778 1755 peccasti
805 1698 858 1754 per
882 1677 1004 1736 illicitas
1025 1678 1218 1755 cogitationes
1245 1684 1277 1735 et
1304 1697 1360 1755 per
1388 1680 1511 1739 ardore

310 1759 451 1818 libidinis.

372 1838 455 1914 Resp.
499 1838 607 1896 Amen.

372 1919 457 1977 Pane
469 1918 581 1993 cripern
593 1937 622 1976 se
634 1917 776 1978 Sacerdos
796 1919 869 1977 lavet
890 1937 1000 1976 manas
1018 1936 1089 1976 saas
1109 1937 1174 1976 cans
1187 1917 1246 1976 sale
1260 1926 1287 1976 ct
1300 1938 1394 1994 aqna,
1411 1920 1449 1978 in
1472 1952 1479 1969 ›
1509 1966 1511 1973 Α

310 2019 368 2076 qno
381 2008 494 2075 stuppea
507 1998 562 2057 olei
566 2008 725 2074 poscantur
736 2024 746 2059 .·
767 2019 832 2075 ques
844 1999 912 2074 iqnc
921 2007 1092 2069 armar,
1103 2007 1129 2056 ct
1139 1999 1174 2057 in
1183 2000 1339 2056 canwtcrio
1344 1999 1503 2075 fodiantn

311 2081 415 2140 Postea
428 2079 507 2137 daal
521 2078 660 2137 Sacerdos
673 2098 760 2156 saper
773 2080 929 2154 infirmum
942 2078 1164 2137 bendictionem
1176 2077 1228 2136 boc
1240 2079 1326 2137 modo
1336 2103 1347 2138 .-

373 2160 412 2218 In
425 2160 544 2217 nomine
556 2159 663 2232 Patris,
675 2167 706 2217 et
720 2159 802 2233 Filii,
813 2166 844 2216 et
858 2158 989 2233 Spiritus
1002 2159 1105 2217 Sancti
1118 2179 1125 2216 :
1145 2158 1185 2216 sit
1198 2159 1255 2216 tibi
1269 2158 1332 2217 hac
1345 2159 1408 2218 olei
1422 2179 1486 2220 une

311 2240 351 2298 ad
374 2240 609 2317 purificationem
633 2240 743 2297 mentis
764 2245 795 2297 et
815 2238 955 2315 corporis,
976 2245 1007 2297 et
1030 2239 1068 2296 ad
1092 2239 1244 2297 munimen
1264 2245 1296 2296 et
1319 2239 1511 2302 defensione

313 2327 416 2379 contra
431 2319 532 2397 jacula
545 2319 768 2377 immundorum
783 2319 950 2396 spirituum.

376 2400 459 2477 Resp.
501 2401 610 2458 Amen.

371 2481 520 2557 Sequatur
533 2479 681 2539 Psalmns.
724 2479 854 2537 Domine
868 2478 995 2537 clamavi
1007 2479 1045 2537 ad
1059 2485 1090 2537 te
1104 2477 1195 2557 (sal.)

376 2561 479 2619 Gloria
494 2561 586 2618 Patri.
978 2564 981 2570 '

374 2641 486 2699 Deirnlc
500 2642 580 2698 dieat
593 2640 753 2699 Sacerdos:
775 2639 922 2697 Dominus
936 2639 1089 2697 vobiscum
1104 2649 1129 2697 ct
1143 2639 1275 2696 Oramus.
1321 2639 1436 2699 Oratio.

377 2722 504 2779 Domino
519 2722 609 2792 Deus,
627 2721 764 2778 Salvator
783 2727 892 2789 noster,
907 2719 959 2794 qui
973 2740 1003 2777 cs
1017 2740 1088 2776 vera
1101 2721 1187 2792 salus,
1203 2729 1229 2777 et
1251 2728 1342 2777 cetera
1363 2731 1400 2778 nt
1422 2742 1506 2798 senna

314 2823 334 2879 p
376 2880 490 2937 *Foeta
510 2880 644 2937 reiectione
662 2888 695 2937 nt
715 2881 893 2955 pradictum
915 2882 1139 2956 atrapatinse
1159 2881 1212 2938 erit
1234 2889 1268 2936 nt
1289 2880 1433 2940 Sacerdos
1458 2905 1511 2940 ais

314 2960 544 3020 consncanionenc
558 2960 692 3032 inquirat
706 2961 742 3017 ab
757 2962 876 3034 infirmo
898 2980 940 3016 an
954 2960 1056 3035 aliqua
1077 2961 1140 3018 alia
1155 2970 1273 3035 peccata
1287 2962 1343 3018 sibi
1363 2964 1511 3021 ecdiciam

315 3042 395 3099 ciant
409 3048 570 3109 occurrant,
585 3041 620 3096 de
638 3039 735 3112 quibis
752 3061 812 3098 nson
831 3049 894 3098 erat
913 3041 1077 3114 consessas:
1098 3061 1170 3097 nanc
1190 3050 1282 3116 posset
1301 3044 1459 3117 essequod
1472 3066 1496 3119 p

311 3141 409 3198 preces
433 3129 458 3177 et
482 3121 597 3177 devotas
621 3120 767 3177 orationes
790 3121 956 3178 Sacerdotis
982 3122 1040 3178 sico
1063 3120 1199 3191 alioruin,
1224 3122 1305 3178 Dens
1332 3141 1381 3179 cor
1409 3125 1466 3198 infi
1488 3154 1511 3168 υ

316 3201 485 3271 illustraret,
507 3209 533 3258 et
554 3199 637 3256 daret
660 3201 687 3255 ei
709 3201 838 3274 protiarn
858 3201 956 3257 cerias
979 3210 1005 3258 et
1025 3200 1143 3276 plenius
1163 3202 1325 3275 confitendi.
1368 3203 1412 3259 Et
1423 3215 1506 3278 poste

316 3284 469 3356 interropet
483 3301 548 3338 earn
562 3280 700 3338 Sacerdos
714 3280 741 3337 si
754 3290 934 3356 recoynoscat
947 3301 1051 3358 cmpos
1064 3291 1090 3338 ct
1104 3282 1275 3356 sanquinem
1290 3282 1417 3341 Domini
1431 3295 1497 3342 nost

317 3363 391 3422 Jcsn
406 3361 525 3432 Christi,
542 3361 582 3418 sic
596 3360 736 3418 dicendo:

380 3444 493 3513 Frater,
507 3442 600 3499 credis
621 3442 700 3516 quod
714 3446 929 3498 sacramentum
943 3441 1021 3516 quod
1044 3448 1189 3498 tractatur
1203 3443 1235 3497 in
1255 3443 1344 3498 altari
1358 3444 1416 3501 sub
1430 3445 1506 3502 form

319 3525 413 3602 panis,
429 3530 474 3580 est
487 3543 589 3580 verum
604 3542 709 3597 corpus
724 3529 754 3578 et
768 3522 886 3596 sanguis
902 3522 1024 3578 Domini
1038 3524 1132 3579 nostri
1145 3524 1219 3580 besu
1230 3521 1363 3579 Christi?

381 3605 561 3679 Respondeat
575 3604 718 3676 infirmas.
762 3602 869 3658 Crede.

379 3685 490 3740 Deinde
501 3683 726 3740 concrnanicetar
736 3681 874 3754 intirncas
885 3682 945 3738 nisi
950 3682 1040 3755 parias
1050 3683 1281 3739 eorrcrnanicatns
1286 3682 1386 3756 fecerit
1397 3711 1407 3742 .·
1429 3696 1455 3743 et
1466 3707 1486 3742 n
1504 3712 1511 3738 .=

318 3767 352 3822 dc
366 3765 477 3821 coercita
490 3764 534 3820 nel
550 3763 613 3820 alia
630 3762 818 3820 irreverentia
835 3762 1026 3836 probabiliter
1045 3765 1206 3821 tirncotnr:
1228 3764 1262 3819 in
1277 3783 1333 3837 qao
1353 3784 1425 3822 casn
1447 3767 1495 3824 dic

317 3845 457 3903 Sacerdos
470 3844 588 3917 infirmo
600 3866 609 3900 .·

379 3924 492 3993 Frater,
507 3924 539 3978 in
553 3924 607 3978 hoc
622 3941 690 3978 casu
704 3922 814 3979 sufficit
829 3922 884 3978 tibi
899 3941 968 3979 vera
989 3922 1069 3992 fides,
1084 3931 1114 3980 et
1132 3924 1209 3981 bona
1223 3925 1381 3982 voluutas:
1404 3933 1509 3985 tantm

317 4004 410 4075 crode,
426 4011 457 4061 et
470 4000 683 4059 nicociensem*

376 4085 439 4143 tEt
452 4092 522 4140 noto
536 4084 614 4156 qaod
628 4082 767 4140 Sacerdos
781 4083 814 4139 in
828 4083 956 4156 ioannis
970 4084 1220 4141 contricanieondis
1234 4084 1308 4141 stola
1322 4086 1474 4145 irednetnr.

379 4251 394 4281 ᾗ
417 4253 482 4308 0111.
501 4251 564 4307 MS.

328 4337 393 4467 mll
415 4332 478 4387 MS.
516 4331 555 4385 lle
589 4340 660 4388 nota
695 4333 774 4406 qzcod
808 4333 948 4390 Sacerdos
982 4333 1119 4407 insternere
1154 4334 1416 4395 corrernanicandns
1452 4341 1508 4398 stol

315 4410 327 4465 i
372 4419 462 4467 netar.
